2867 4334
304 871 606 933 momne,
634 849 815 936 quod
844 869 882 914 e
975 846 1350 927 honestum,
1381 844 1454 910 id
1488 852 1801 938 quat-tuor
1826 846 2129 932 ⁴partium
2181 847 2394 914 oritur

937 395 1075 446 LIB.
1107 393 1152 445 1.
1203 391 1382 443 ‘CAR
1413 391 1530 441 4-6.
1602 388 1635 452 5
1664 392 1839 442 12-18.
2319 387 2413 457 17·

472 545 782 614 Formam
828 544 1096 632 quidem
1141 544 1372 629 ipsam,
1403 539 1631 606 Marce
1674 539 1795 623 fili,
1826 547 1895 606 et
1928 542 2265 626 tamquam
2305 540 2401 604 fa·
2446 551 2483 619 5

387 651 555 716 ciem
591 648 855 716 honesti
891 647 1096 729 vides,
1124 649 1351 732 “quae
1387 644 1443 709 si
1478 643 1686 710 oculis
1720 651 2117 726 cerneretur,
2140 643 2401 710 mirabi-
2430 643 2505 695 15

385 751 480 840 les
513 750 832 832 amores,”.
863 755 941 815 ut
976 748 1068 814 ait
1105 747 1320 830 Plato,
1349 746 1723 812 “excitaret
1756 745 2175 832 sapientiae.''
2266 747 2398 813 Sed

347 975 476 1025 sex
509 952 882 1048 alin-Nau
950 949 1129 1016 enim
1172 948 1245 1012 in
1287 946 1750 1034 perspicientia
1784 947 1926 1012 veri
1970 948 2391 1046 sollertiaque

392 1062 686 1122 versatur
705 1031 820 1120 affl:
843 1053 914 1117 iu
940 1050 1288 1118 hominum
1309 1049 1617 1116 societate
1639 1050 1885 1115 tuenda
1907 1041 2393 1142 tribuendoque

389 1179 580 1225 suum
611 1157 848 1244 cuique
883 1163 952 1222 et
989 1175 1208 1220 rerum
1244 1158 1729 1220 contractarum
1766 1154 1899 1220 fide
1933 1123 2052 1261 οἴαξ
2081 1155 2150 1220 in
2188 1159 2391 1223 animi

391 1260 626 1328 excelsi
655 1267 850 1346 atque
879 1257 1114 1325 invicti
1142 1255 1603 1344 magnitudine
1638 1279 1713 1323 ac
1747 1258 1983 1324 robore
2010 1266 2125 1323 aut
2158 1259 2229 1323 in
2260 1283 2393 1327 om·

391 1365 598 1447 nium,
629 1384 795 1449 quae
823 1361 995 1427 fiunt
1023 1381 1324 1448 quaeque
1353 1360 1685 1443 dicuntur,
1717 1360 1947 1427 ordine
1977 1369 2045 1427 et
2076 1363 2290 1447 modo,
2322 1365 2392 1429 in

325 1488 523 1555 1oquo
581 1466 751 1530 inest
805 1463 1126 1530 modestia
1182 1472 1250 1528 et
1300 1463 1753 1550 temperantia.
1844 1452 2028 1542 Quae
2079 1473 2534 1554 quattuor(15)

390 1589 786 1656 quar-nquam
801 1567 981 1633 inter
997 1589 1066 1632 se
1084 1566 1392 1654 colligata
1409 1577 1607 1654 atque
1624 1567 1961 1655 implicata
1976 1579 2151 1653 sunt,
2169 1577 2392 1636 tamen

392 1694 474 1738 ex
501 1671 778 1759 singulis
807 1681 986 1738 certa
1014 1670 1380 1738 officiorum
1409 1693 1653 1758 genera
1686 1680 2064 1757 nascuntur,
2098 1674 2281 1740 velut
2310 1697 2392 1741 ex

392 1797 466 1841 ea
491 1783 698 1862 parte,
730 1795 898 1860 quae
927 1774 1144 1861 prima
1173 1773 1486 1861 discripta
1514 1782 1633 1857 est,
1656 1774 1727 1838 in
1756 1796 1887 1862 qua
1914 1777 2301 1864 sapientiam
2324 1787 2394 1844 et

391 1877 806 1966 prudentiam
859 1877 1188 1966 ponimuS,
1233 1877 1407 1943 inest
1459 1878 1795 1974 indagatio
1844 1887 2042 1967 atque
2092 1882 2393 1948 inventio

325 2003 376 2046 ιε
393 1984 550 2067 veri,
601 1983 876 2070 eiusque
923 1982 1192 2048 virtutis
1241 1981 1367 2048 hoc
1411 2003 1655 2048 munus
1700 1991 1799 2049 cst
1841 1986 2204 2072 proprium.
2291 1985 2486 2052 Ut16

391 2087 567 2152 enim
589 2086 867 2174 quisque
890 2085 1176 2151 maxime
1197 2085 1531 2172 perspicit,
1548 2086 1709 2172 quid
1732 2087 1803 2150 in
1824 2108 1895 2154 re
1917 2109 2177 2175 quaque
2200 2089 2394 2155 veris-

391 2190 630 2257 simum
659 2190 765 2273 sit,
797 2190 1046 2278 quique
1073 2189 1447 2256 acutissime
1476 2197 1543 2254 et
1578 2188 1913 2256 celerrime
1946 2201 2163 2278 potest
2200 2200 2265 2258 et
2303 2193 2394 2256 vi-

392 2295 546 2362 dere
573 2301 643 2362 et
671 2295 998 2382 explicaro
1025 2294 1368 2377 rationem,
1392 2293 1449 2359 is
1471 2294 2021 2382 prudentissimus
2044 2303 2111 2361 et
2140 2296 2395 2382 sapien·
2460 2337 2471 2344 -
2519 2315 2545 2371 x<
2583 2351 2631 2380 k,

393 2397 680 2464 tissimus
705 2397 835 2464 rite
863 2397 1088 2463 haberi
1117 2396 1301 2462 solet.
1369 2395 1693 2474 Quocirca
1721 2395 1875 2490 ¹¹35ss
1897 2398 2081 2482 quasi
2104 2398 2392 2480 materia,
2436 2395 2465 2426 ³·
2556 2395 2563 2402 ’

325 2523 591 2588 mquam
638 2509 870 2568 tractet
916 2509 984 2568 et
1026 2502 1096 2566 in
1144 2523 1274 2588 qua
1317 2506 1637 2582 versetur,
1670 2499 1961 2564 subiecta
2006 2506 2105 2564 est
2134 2500 2391 2564 veritas.

395 2585 693 2691 Reliquis
722 2613 942 2672 autem
974 2605 1185 2671 tribus
1207 2603 1568 2669 virtutibus
1587 2602 2001 2668 necessitates
2022 2601 2394 2690 propositae
2415 2609 2487 2668 17

396 2714 547 2772 sunt
576 2708 655 2773 ad
687 2727 794 2773 cas
824 2730 926 2774 res
954 2707 1273 2796 parandas
1303 2705 1731 2792 tuendasque,
1756 2705 1996 2792 quibus
2024 2705 2194 2772 actio
2217 2705 2395 2771 vitae

395 2810 788 2895 continetur,
820 2807 898 2878 ut
926 2819 995 2879 et
1029 2813 1302 2879 societas
1335 2810 1684 2878 hominum
1720 2809 2227 2896 coniunctioque
2270 2829 2396 2874 ser-

395 2921 589 2978 vetur
586 2922 684 2996 sst
711 2916 915 2981 animi
941 2916 1326 2983 excellentia
1346 2914 1865 3002 magnitudoque
1888 2935 2037 2980 cum
2066 2914 2137 2978 in
2157 2934 2397 3000 augen-

328 3014 497 3080 wdis
525 3017 761 3104 opibus
787 3018 1317 3106 utilitatibusque
1351 3026 1419 3084 et
1462 3017 1589 3084 sibi
1633 3026 1700 3083 ct
1742 3019 1876 3084 suis
1918 3016 2393 3106 comparandiS,

397 3125 538 3182 tum
563 3120 773 3187 multo
799 3122 1008 3210 magis
1030 3123 1099 3186 in
1125 3121 1226 3187 his
1247 3121 1859 3209 ipsis‘despiciendis
1878 3119 2146 3188 eluceat.
2212 3119 2395 3184 Ordo

395 3218 555 3286 item
585 3228 652 3302 et
681 3224 1049 3290 constantia
1077 3232 1146 3289 et
1175 3224 1539 3291 moderatio
1568 3231 1636 3290 et
1670 3246 1763 3307 ea,
1789 3245 1957 3310 quae
1992 3231 2145 3289 sunt
2180 3221 2283 3287 his
2317 3222 2397 3286 si-

395 3322 594 3407 milia,
624 3333 970 3391 versantur
998 3326 1066 3390 in
1105 3348 1184 3391 eo
1227 3347 1490 3412 genere,
1535 3325 1619 3392 ad
1662 3327 1841 3413 quod
1886 3333 1986 3390 est
2029 3323 2398 3389 adhibenda
2432 3320 2457 3335 ‘'

393 3424 565 3490 actio
607 3428 949 3512 quaedam,
979 3449 1112 3493 non
1158 3429 1371 3494 solum
1415 3428 1659 3493 mentis
1701 3427 1992 3514 agitatio.
2081 3424 2174 3489 Iis
2217 3425 2395 3489 enim

329 3527 607 3610 mrebus,
638 3549 806 3615 quae
836 3537 1201 3596 tractantur
1229 3531 1295 3595 in
1329 3531 1487 3613 vita,
1520 3529 1789 3594 modum
1823 3526 2154 3615 quendam
2198 3533 2265 3592 et
2301 3548 2398 3592 or-

394 3628 616 3696 dinem
647 3631 1035 3698 adhibentes
1069 3631 1481 3699 honestatem
1511 3637 1579 3696 et
1615 3631 1812 3697 decus
1846 3629 2394 3696 conservabimus.
2433 3677 2476 3744 ⁶

476 3731 582 3799 Ex
624 3741 938 3821 quattuor
971 3744 1191 3801 antem
1235 3734 1414 3817 locis,
1458 3734 1530 3798 in
1575 3753 1741 3821 quos
1789 3733 2050 3800 honesti
2095 3738 2393 3797 naturam
2419 3763 2507 3820 18'

2698 889 2705 900 .

2430 919 2577 964 Μέθη·
2628 952 2635 960 -
2681 931 2807 966 ’πω
