2867 4334
870 387 1014 441 LIB.
1049 386 1155 439 111.
1211 385 1384 441 -.cAP
1423 388 1605 438 28—30.
1672 385 1705 450 5
1739 387 1979 440 103-109.
2035 427 2039 431 -
2301 388 2429 456 163

412 560 548 606 non
615 537 925 606 dubitant
983 559 1316 604 summum
1377 537 1626 604 malum
1685 538 1919 606 dicere.
2018 536 2198 606 Nam
2254 538 2425 608 illud

413 641 721 729 quidem:

815 727 1014 798 Neque
1036 728 1176 784 dedi
1195 744 1376 798 neque
1399 727 1477 782 do
1501 726 1719 782 infideli
1746 729 2011 798 cuiquam

411 855 655 922 idcirco
699 860 878 920 recte
927 875 966 919 a
1015 860 1229 941 poeta,
1283 853 1459 941 quia,
1507 875 1660 920 cum
1711 861 2099 921 tractaretur
2146 856 2419 940 Atreus,

368 977 726 1042 upersonae
754 957 1170 1022 serviendum
1193 956 1348 1022 fuit.
1415 956 1545 1022 Sed
1576 956 1632 1021 si
1659 955 1787 1022 hoc
1815 957 1943 1024 sibi
1970 964 2254 1042 sument,
2278 959 2421 1026 nul-

411 1058 543 1124 lam
574 1079 714 1125 esse
742 1057 964 1152 fidem,
996 1080 1168 1145 quae
1196 1057 1451 1124 infideli
1476 1059 1627 1124 data
1656 1059 1761 1141 sit,
1792 1059 2083 1143 videant,
2116 1081 2201 1126 ne
2230 1082 2422 1147 quae-

411 1168 596 1227 ratur
622 1161 872 1228 latebra
900 1161 1212 1248 periurio.
1305 1160 1455 1246 [Est
1483 1170 1705 1228 autem
1733 1161 1838 1226 ius
1870 1161 2073 1226 etiam
2107 1161 2417 1229 bellicum
2443 1175 2557 1236 107

410 1262 706 1350 fidesque
767 1263 930 1329 iuris
992 1261 1256 1329 iurandi
1317 1284 1513 1350 saepe
1574 1283 1727 1329 eum
1792 1261 1981 1328 hoste
2050 1263 2416 1349 servanda]

414 1364 612 1444 Quod
653 1367 834 1432 enim
881 1366 975 1431 ita
1024 1365 1317 1431 iuratum
1367 1373 1488 1449 est,
1520 1373 1595 1431 ut
1630 1365 1815 1430 mens
1858 1363 2236 1452 conciperet
2278 1364 2422 1432 fieri

345 1491 396 1532 ιο
414 1475 734 1555 oportere,
764 1468 1260 1546 idservandum
1291 1475 1428 1552 est3
1452 1469 1631 1554 quod
1662 1467 1872 1550 aliter,
1903 1466 1974 1532 id
2001 1467 2057 1532 si
2088 1489 2222 1534 non
2253 1468 2423 1535 fece-

412 1570 520 1653 rit,
550 1570 809 1638 nullum
837 1579 936 1638 est
964 1571 1349 1660 periurium.
1440 1570 1560 1654 Ut,
1589 1571 1645 1637 si
1674 1569 2117 1658 praedonibus
2154 1579 2420 1658 pactum

413 1693 532 1758 pro
553 1674 777 1761 capite
804 1675 1090 1761 pretium
1121 1696 1256 1741 non
1293 1673 1613 1757 attuleris,
1650 1672 1834 1739 nulla
1869 1671 2054 1738 fraus
2080 1665 2207 1757 est,
2244 1665 2421 1740 nesi

415 1775 665 1843 iuratus
694 1778 965 1865 quidem
996 1777 1066 1844 id
1096 1799 1226 1845 non
1261 1777 1502 1845 feceris
1522 1797 1540 1860 ;
1584 1797 1736 1842 nam
1777 1775 1991 1863 pirata
2032 1797 2166 1842 non
2202 1784 2304 1843 est
2338 1797 2422 1841 ex

414 1878 859 1964 perduellium
909 1901 1188 1946 numero
1240 1878 1573 1962 definitus,
1626 1879 1740 1946 sed
1792 1879 2159 1946 communis
2213 1878 2423 1946 hostis

346 1981 750 2062 nomnium3
796 2001 946 2046 cum
981 1980 1108 2047 hoc
1141 2003 1266 2048 nec
1307 1983 1473 2050 fides
1516 1982 1715 2048 debet
1760 2003 1882 2050 nec
1923 1983 2028 2048 ius
2072 1983 2423 2049 iurandum

415 2102 554 2148 esse
587 2102 958 2148 commune.
1029 2081 1186 2150 Non
1219 2084 1398 2149 enim
1429 2083 1671 2148 falsum
1694 2083 1910 2150 iurare
1939 2085 2273 2185 periurare
2302 2093 2420 2169 est,
2445 2094 2561 2149 108

413 2184 549 2268 scd,
580 2184 758 2271 quod
795 2205 884 2248 Ex
917 2201 1120 2250 Arum
1152 2205 1264 2250 'rm
1298 2203 1665 2249 summa
1706 2183 1961 2265 iuraris,
1992 2187 2162 2252 sicut
2207 2185 2423 2254 verbis

413 2284 786 2373 concipitur
821 2305 1007 2350 more
1053 2291 1299 2368 nostro,
1329 2283 1400 2349 id
1447 2304 1579 2349 non
1627 2282 1848 2350 facere
1892 2285 2257 2370 periurium
2302 2295 2421 2393 est.

415 2388 594 2455 Scite
625 2387 802 2454 enim
832 2386 1222 2473 Euripides.

345 2513 398 2554 ao
819 2497 1008 2554 Iuravi
1029 2496 1243 2569 lingua,
1268 2499 1515 2552 mentem
1540 2495 1841 2551 iniuratum
1864 2512 2017 2568 gero.

414 2597 714 2688 Regulus
745 2619 899 2664 vero
929 2616 1063 2662 non
1095 2595 1327 2661 debuit
1357 2594 1775 2662 condiciones
1803 2594 2273 2683 pactionesque
2294 2595 2425 2663 bel-

414 2701 572 2768 licas
601 2709 669 2767 et
697 2699 968 2766 hostiles
1006 2695 1390 2786 perturbare
1427 2696 1735 2785 periurio.
1826 2697 1998 2764 Cum
2035 2696 2209 2763 iusto
2243 2699 2423 2764 enim

418 2812 486 2869 et
528 2796 830 2890 legitimo
873 2801 1062 2868 hoste
1105 2822 1210 2867 res
1252 2801 1624 2888 gerebatur,
1654 2800 1964 2868 adversus
1999 2822 2196 2888 quem
2233 2810 2299 2867 et
2331 2810 2423 2868 to-

414 2912 560 2971 tum
595 2906 698 2971 ius
731 2904 963 2972 fetiale
997 2911 1065 2971 et
1103 2903 1312 2969 multa
1353 2911 1511 2970 sunt
1553 2903 1697 2969 iura
1740 2905 2134 2971 communia.
2224 2905 2421 2983 Quod

345 3008 483 3073 asni
511 3008 605 3074 ita
637 3016 827 3090 esset,
857 3028 1224 3094 numquam
1254 3005 1458 3074 claros
1489 3007 1663 3073 viros
1698 3014 1960 3073 senatus
1991 3008 2245 3075 vinctos
2277 3009 2423 3076 hos-

411 3110 592 3176 tibus
619 3109 993 3176 dedidisset.

492 3214 595 3279 At
629 3234 787 3278 vero
823 3211 900 3278 T.
939 3211 1260 3280 Veturius
1295 3220 1363 3279 et
1407 3213 1522 3299 Sp.
1555 3211 1935 3280 Postumius
1978 3235 2131 3280 cum
2174 3213 2415 3279 iterum
2445 3187 2537 3268 30

407 3314 705 3381 consules
747 3321 982 3397 essent,
1015 3315 1190 3402 quia,
1222 3337 1372 3381 cum
1416 3315 1587 3382 male
1628 3323 2001 3403 pugnatum
2044 3315 2221 3400 apud
2253 3277 2553 3380 Gau-1⁰9

408 3417 594 3483 dium
622 3425 816 3501 esset,
844 3417 1219 3506 legionibus
1247 3418 1489 3484 nostris
1516 3418 1640 3484 sub
1675 3417 1909 3503 iugum
1948 3415 2159 3480 missis
2188 3436 2415 3501 pacem

338 3540 558 3586 oneum
590 3520 998 3588 Samnitibus
1025 3520 1338 3604 fecerant,
1371 3519 1581 3586 dediti
1616 3526 1771 3584 sunt
1799 3519 1920 3600 iis;
1950 3518 2198 3582 iniussu
2236 3518 2415 3584 enim

406 3622 639 3710 populi
688 3630 1084 3710 senatusque
1133 3623 1451 3690 fecerant.
1539 3619 1926 3707 Eodemque
1968 3627 2267 3704 tempore
2309 3620 2415 3686 Ti.

405 3722 780 3810 Numicius,
812 3725 895 3804 Q.
927 3723 1232 3809 Maelius,
1262 3725 1381 3812 qui
1416 3731 1563 3791 tum
1594 3723 1848 3790 tribuni
1875 3722 1967 3810 pl.
1998 3727 2207 3806 erant,
2238 3721 2418 3809 quod
2430 3731 2441 3769 -’
