2867 4334
381 433 507 496 110
1158 432 1260 483 DE
1303 431 1612 486 ormcns

380 604 514 648 non
550 581 748 648 modo
780 590 974 670 turpe
1003 590 1122 666 est,
1145 583 1259 649 sed
1291 581 1677 650 sceleratum
1708 585 1908 650 etiam
1938 583 2007 650 et
2035 584 2387 653 nefarium.

379 683 635 770 Itaque,
673 686 849 772 quod
882 685 1131 772 Apollo
1166 685 1459 772 Pythius
1493 685 1783 754 oraclum
1820 687 2049 771 edidit,
2083 688 2387 776 Spartam

380 786 562 852 nulla
591 809 662 852 re
691 787 818 853 alia
841 788 967 853 nisi
995 789 1270 854 avaritia
1292 809 1431 854 esse
1454 791 1837 876 perituram,
1862 789 1931 855 id
1958 790 2222 856 videtur
2250 813 2385 858 non

379 889 590 956 solum
626 889 1184 974 Lacedaemoniis,
1207 891 1322 958 sed
1345 893 1545 957 etiam
1576 893 1883 959 omnibus
1913 893 2247 979 opulentis
2277 917 2387 980 po-

376 991 551 1077 pulis
596 994 1011 1080 praedixisse.
1099 993 1307 1059 Nulla
1348 1003 1572 1060 autem
1618 1015 1689 1062 re
1733 994 2081 1062 conciliare
2123 995 2385 1062 facilius
2424 1023 2452 1062 σ

377 1095 890 1162 benivolentiam
922 1095 1373 1163 multitudinis
1400 1107 1675 1184 possunt
1704 1097 1774 1181 ii,
1804 1097 1929 1185 qui.
1957 1097 2052 1162 rei
2082 1097 2385 1183 publicae

282 1209 357 1270 ’18
375 1207 704 1285 praesunt,
736 1221 934 1286 quam
979 1201 1376 1267 abstinentia
1418 1209 1488 1267 et
1530 1201 1956 1268 continentia.
2046 1199 2181 1278 Qui
2228 1221 2383 1266 vero

375 1323 444 1366 se
479 1302 827 1389 populares
870 1303 1108 1370 volunt
1151 1304 1235 1369 ob
1279 1325 1558 1391 eamque
1601 1326 1859 1372 causam
1902 1311 2018 1369 aut
2060 1303 2381 1390 agrariam

376 1426 514 1470 rem
547 1413 894 1492 temptant,
921 1415 995 1472 ut
1023 1427 1419 1492 possessores
1448 1405 1781 1493 pellantur
1808 1407 1943 1472 suis
1964 1406 2245 1489 sedihm,
2270 1414 2386 1472 aut

375 1508 686 1594 pecunias
717 1509 995 1574 creditas
1017 1508 1424 1585 debitoribus
1448 1509 1909 1574 condonandas
1931 1517 2190 1594 putant,
2215 1509 2385 1574 labe·
2402 1523 2452 1573 ιο

375 1610 629 1675 factant
663 1611 1095 1676 fundamenta
1129 1609 1224 1674 rei
1260 1609 1585 1694 publicae,
1616 1609 2031 1675 concordiam
2068 1610 2381 1696 primum,

376 1735 543 1800 quae
587 1734 725 1778 esse
769 1734 901 1777 non
947 1717 1181 1797 potest,
1218 1731 1372 1776 cum
1415 1710 1563 1776 aliis
1602 1710 2007 1792 adimuntur,
2046 1711 2189 1775 aliis
2232 1731 2382 1776 con-

377 1817 708 1880 donantur
756 1813 1093 1898 pecuniae,
1147 1811 1388 1878 deinde
1431 1812 1851 1898 aequitatem,
1906 1833 2074 1897 quae
2124 1811 2385 1877 tollitur

376 1915 610 1996 omnis,
641 1915 697 1979 si
729 1915 965 1980 habere
1001 1935 1193 1980 suum
1230 1915 1471 2002 cuique
1508 1936 1639 1981 non
1677 1913 1849 1980 licet.
1927 1913 2021 1980 .1d
2060 1915 2236 1980 enim
2284 1923 2383 1980 est

375 2017 739 2105 proprium,
770 2026 848 2082 ut
893 2039 1090 2104 supra
1132 2017 1291 2101 dixi,
1340 2017 1627 2085 civitatis
1674 2025 1873 2105 atquo
1920 2018 2121 2100 urbis,
2172 2027 2247 2084 ut
2296 2019 2453 2083 sit1s

197 2111 210 2124 ’
283 2129 357 2189 ’19
379 2122 582 2188 libera
611 2131 679 2186 et
708 2142 838 2188 non
877 2121 1156 2188 sollicita
1189 2143 1343 2188 suae
1377 2121 1475 2187 rei
1511 2121 1827 2207 cuiusque
1856 2120 2175 2187 custodia.
2265 2121 2387 2186 At—

377 2245 506 2312 que
535 2223 606 2289 in
638 2223 758 2292 hac
787 2225 1080 2312 pernicie
1108 2225 1203 2292 rei
1241 2225 1541 2313 publicae
1586 2246 1670 2290 ne
1713 2224 1892 2289 illam
1932 2224 2205 2312 quidem
2240 2246 2389 2291 cou-

377 2336 760 2416 sequantur,
791 2350 991 2416 quam
1023 2337 1280 2417 putant,
1310 2328 1631 2417 gratiam3
1675 2348 1827 2393 nam
1869 2329 1979 2393 cui
2024 2349 2129 2394 res
2162 2336 2389 2416 erepta

378 2440 496 2515 est,
529 2440 628 2499 est
655 2431 983 2516 initnicuS‚
1017 2434 1124 2499 cui
1155 2433 1306 2500 data
1339 2440 1458 2516 est,
1490 2431 1689 2498 etiam
1727 2429 2096 2496 dissimulat
2130 2451 2199 2496 se
2226 2431 2391 2496 acci·

377 2557 534 2624 pere
572 2535 856 2602 voluisse
891 2544 958 2602 et
1005 2537 1291 2605 maxime
1334 2537 1405 2600 in
1450 2527 1753 2623 pecuniis
1794 2533 2061 2599 creditis
2104 2532 2457 2599 occultatas

379 2661 570 2704 suum
619 2640 957 2725 gaudium,
996 2661 1080 2704 ne
1129 2639 1433 2704 videatur
1479 2631 1613 2702 non
1661 2636 1868 2702 fuisse
1917 2634 2268 2717 solvend03
2320 2642 2393 2700 at

377 2739 699 2820 vero'ille‚
732 2741 846 2826 qui
891 2740 1143 2828 accepit
1186 2739 1517 2820 iniuriam,
1548 2746 1616 2803 et
1660 2738 1967 2804 meminit
2009 2745 2079 2803 et
2120 2758 2277 2825 prae
2320 2756 2389 2804 se

379 2842 514 2907 fert
559 2841 851 2908 dolorem
897 2863 1112 2923 suum,
1159 2863 1299 2923 nec,
1346 2841 1401 2905 si
1444 2839 1669 2926 plures
1710 2849 1868 2907 sunt
1901 2841 1971 2924 ii,
2008 2841 2250 2927 quibus
2294 2840 2390 2904 in·-

379 2943 584 3029 probe
629 2941 858 3009 datum
901 2953 1019 3026 est,
1057 2964 1258 3029 quam
1304 2941 1401 3006 illi
1440 2941 1680 3027 quibus
1714 2941 1959 3010 iniuste
2000 2943 2387 3030 ademptum

380 3053 500 3126 est,
546 3044 790 3110 idcirco
833 3044 982 3132 plus
1011 3046 1211 3110 etiam
1247 3042 1509 3124 valent3
1547 3063 1678 3109 non
1711 3044 1887 3109 enim
1920 3066 2199 3110 numero
2228 3042 2457 3110 haecas

379 3145 774 3229 iudicantur,
811 3147 923 3212 sed
960 3146 1270 3232 pondere.
1360 3144 1579 3223 Quam
1614 3154 1835 3210 autem
1872 3145 2071 3212 habet
2105 3146 2389 3232 aequita-

381 3260 537 3334 tem,
585 3257 664 3316 ut
709 3271 942 3337 agrum
991 3248 1217 3314 multis
1263 3249 1453 3316 annis
1504 3255 1619 3315 aut
1668 3247 1868 3314 etiam
1921 3247 2193 3314 saeculis
2232 3256 2393 3313 ante

383 3376 770 3441 possessum,
800 3353 916 3439 qui
962 3351 1222 3418 nullum
1269 3351 1522 3434 habuit,
1558 3351 1811 3434 habeat,
1858 3351 1974 3438 qui
2018 3359 2241 3418 autem
2287 3350 2393 3416 ha-

288 3413 374 3558 ἐξ
389 3458 549 3539 buit,
574 3456 876 3523 amittat?
946 3456 1051 3522 Ac
1082 3463 1350 3542 propter
1377 3452 1504 3520 hoc
1532 3453 1813 3520 iniuriae
1840 3475 2049 3540 genus
2080 3453 2391 3520 Lacedae-

387 3561 591 3625 monii
629 3560 1041 3647 Lysandrum
1079 3558 1396 3646 ephorum
1438 3556 1854 3644 expulerunt,
1887 3555 2099 3642 Agim
2144 3577 2389 3640 regem,
2408 3577 2461 3616 so

385 3661 561 3747 quod
591 3683 952 3749 numquam
985 3671 1180 3728 antea
1213 3661 1389 3749 apud
1425 3681 1539 3726 eos
1580 3658 1922 3738 acciderat,
1969 3664 2389 3736 necaverunt,

385 3783 598 3848 exque
627 3783 706 3828 eo
742 3771 1042 3849 temporo
1071 3771 1291 3829 tantae
1326 3760 1689 3827 discordiae
1718 3764 1975 3824 secutae
2010 3764 2187 3840 sunt,
2220 3764 2295 3821 ut
2326 3763 2393 3822 et
