2867 4334
388 353 515 416 140
1163 351 1266 403 DE
1311 351 1619 404 ormcns

387 509 642 569 nestate
683 501 1151 569 contemuitur.
1249 501 1462 569 Plena
1511 502 1972 589 exemplorum
2030 507 2132 568 est
2181 507 2403 568 nostra

387 625 492 670 res
521 603 787 691 publica
821 626 972 669 cum
1017 625 1229 691 saepe,
1263 613 1406 670 tum
1456 605 1743 670 maxime
1788 603 1962 670 bello
2008 602 2267 682 Punico
2310 626 2403 670 se·

388 707 645 788 cundo3
676 727 844 793 quae
883 705 1214 772 Cannensi
1250 707 1623 773 calamitate
1652 713 1923 792 accepta·
1954 707 2234 772 maiores
2268 706 2403 771 ani-

389 829 530 873 mos
554 807 784 875 habuit
805 829 1007 894 quam
1033 830 1346 894 umquam
1370 811 1564 876 rebus
1586 808 1915 890 secundis3
1939 807 2123 873 nulla
2146 809 2401 875 timoris

388 909 796 997 significatio,
831 910 1014 975 nulla
1043 912 1294 978 mentio
1325 912 1521 998 pacis.
1612 910 1826 976 Tanta
1857 909 1955 975 vis
1984 919 2085 975 est
2118 910 2397 992 honesti,
2440 930 2467 970 s

295 1019 370 1074 48
388 1020 464 1077 ut
493 1013 781 1099 speciem
817 1012 1126 1078 utilitatis
1162 1013 1485 1079 obscuret.
1573 1012 2022 1078 Athenienses
2057 1032 2208 1078 cum
2244 1011 2401 1078 Per-

388 1137 608 1181 sarum
659 1115 985 1202 impetum
1028 1114 1215 1181 nullo
1259 1115 1458 1181 modo
1509 1124 1776 1202 possent
1824 1115 2146 1180 sustinere
2195 1121 2397 1179 statu-

387 1225 724 1304 erentque,
749 1224 826 1283 ut
857 1217 1018 1284 urbe
1048 1217 1274 1284 relicta
1303 1218 1694 1304 coniugibus
1716 1225 1785 1283 et
1813 1217 2039 1284 liberis
2063 1216 2399 1304 Troezene

388 1320 702 1406 depositis
744 1341 945 1386 naves
989 1319 1505 1386 conscenderent
1548 1320 2054 1406 libertatemque
2084 1319 2399 1386 Graeciae

388 1424 590 1490 classe
634 1422 1090 1505 defenderent,
1125 1422 1459 1508 Cyrsilum
1502 1423 1834 1509 quendam
1878 1422 2285 1503 suadentem,
2324 1430 2467 1488 ut1⁰

388 1527 456 1589 in
521 1526 682 1591 urbe
739 1530 1086 1590 manerent
1141 1523 1558 1611 Xersemque
1620 1525 2010 1612 reciperent,
2069 1524 2399 1612 lapidibus

390 1629 772 1694 obruerunt.
861 1627 1078 1712 Atqui
1115 1625 1228 1691 ille
1257 1625 1612 1692 utilitatem
1644 1627 1830 1714 sequi
1864 1627 2247 1710 videbatur3
2283 1628 2399 1693 sed

293 1739 368 1793 49
390 1753 466 1796 ea
494 1729 684 1805 nulla>
703 1736 844 1795 erat
872 1737 1285 1814 repugnante
1312 1727 1672 1796 honestate.
1750 1729 2223 1796 Themistocles
2250 1739 2398 1817 post

389 1821 734 1899 victoriam
761 1831 902 1896 eius
933 1829 1108 1914 belli,
1144 1831 1319 1916 quod
1352 1853 1505 1896 cum
1528 1830 1749 1897 Persis
1777 1832 1931 1914 fuit,
1951 1832 2123 1897 dixit
2152 1832 2235 1910 in¹
2255 1854 2399 1898 con-

389 1933 570 1998 tione
605 1954 674 1998 se
709 1931 952 1998 habere
987 1932 1334 1998 consilium
1369 1934 1467 1998 rei
1502 1933 1804 2020 publicae
1840 1934 2140 2020 salutare,
2170 1934 2284 1999 sed
2328 1934 2467 1998 idus

389 2034 540 2101 sciri
590 2055 724 2099 non
779 2055 948 2121 opus
999 2055 1176 2116 esse3
1229 2034 1611 2122 postulavit,
1650 2044 1725 2100 ut
1771 2036 2057 2121 aliquem
2116 2036 2399 2123 populus

389 2137 593 2218 daret,
625 2137 905 2236 quicum
929 2138 1473 2220 communicaret3
1503 2137 1696 2203 datus
1725 2147 1825 2203 cst
1846 2138 2214 2220 Aristides,
2244 2137 2399 2204 huic

387 2237 521 2320 ille,
554 2230 824 2304 classem
852 2233 1544 2322 Lacedaemoniorum,
1569 2261 1737 2326 quae
1766 2240 2088 2306 subducta
2116 2248 2283 2307 esset
2318 2241 2397 2308 ad

389 2341 756 2428 Gytheum,
794 2342 964 2409 clam
999 2342 1267 2408 incendi
1311 2363 1520 2430 posse,
1550 2364 1685 2428 quo
1728 2342 1908 2409 facto
1944 2342 2166 2429 frangi
2211 2343 2401 2409 Lace-

387 2444 883 2511 daemoniorum
915 2466 1072 2531 opes
1103 2466 1364 2511 necesse
1391 2451 1577 2510 esset.
1657 2443 1854 2521 Quod
1883 2444 2218 2510 Aristides
2246 2466 2397 2510 cum
2416 2468 2470 2509 ao

388 2548 696 2630 audisset,
728 2548 799 2612 in
830 2549 1210 2614 contionem
1235 2569 1473 2634 magna
1494 2547 1981 2633 exspectatione
2004 2547 2187 2612 venit
2210 2547 2401 2610 dixit·

389 2671 520 2735 que
550 2650 832 2737 perutile
877 2671 1014 2715 esse
1059 2650 1424 2734 consilium,
1464 2649 1642 2735 quod
1681 2649 2156 2716 Themistocles
2188 2649 2400 2714 adfer-

389 2759 510 2832 ret,
544 2752 659 2816 sed
690 2751 964 2816 minime
1000 2749 1369 2817 honestum.
1460 2749 1698 2837 Itaque
1729 2751 2189 2834 Athenienses,
2220 2751 2400 2838 quod

389 2852 739 2917 honestum
793 2871 925 2916 non
979 2859 1168 2935 esset,
1221 2852 1292 2918 id
1343 2874 1428 2918 ne
1473 2853 1637 2917 utile
1680 2853 1953 2939 quidem
1996 2861 2400 2939 putaverunt

391 2962 731 3038 totamque
759 2974 904 3019 eam
934 2975 1095 3037 rem,
1120 2976 1319 3040 quam
1351 2975 1434 3020 ne
1458 2956 1801 3021 audierant
1824 2955 2113 3042 quidem,
2138 2964 2401 3020 auctore
2419 2977 2471 3018 2⁵

392 3055 692 3121 Aristide
720 3056 1257 3143 repudiaverunt.
1323 3057 1569 3124 Melius
1598 3057 1669 3122 hi
1698 3079 1898 3144 quam
1930 3079 2069 3140 noa,
2094 3057 2208 3142 qui
2239 3057 2404 3142 pira-

390 3168 488 3225 tas
526 3158 854 3242 inmunes,
887 3159 1098 3226 socios
1130 3160 1482 3248 vectigales
1510 3159 1846 3226 habemus,

298 3278 384 3346 12
477 3261 748 3328 Maneat
777 3284 953 3349 ergo,
985 3247 1162 3350 quod
1193 3273 1388 3350 turpe
1418 3263 1523 3345 sit,
1556 3262 1625 3328 id
1656 3285 2016 3350 numquam
2047 3284 2186 3330 esse
2214 3263 2401 3346 utile,

391 3387 475 3431 ne
505 3373 647 3430 tum
686 3365 980 3452 quidem,
1013 3388 1162 3432 cum
1199 3366 1290 3446 id,
1321 3365 1500 3453 quod
1538 3387 1675 3430 esse
1712 3367 1875 3430 utile
1919 3373 2133 3452 putea,
2170 3367 2405 3453 adipis-

390 3489 535 3533 care
561 3489 579 3550 3
633 3468 754 3533 hoc
807 3469 986 3533 enim
1037 3469 1278 3554 ipsum,
1325 3468 1490 3533 utile
1541 3475 1795 3553 putare,
1832 3469 2013 3553 q'uod
2058 3477 2255 3554 turpe
2298 3471 2401 3548 sit,
2420 3490 2472 3530 so

297 3586 372 3639 50
393 3569 842 3636 calamitosum
889 3577 1005 3634 est.
1096 3568 1229 3635 Sed
1274 3570 1599 3652 incidunt,
1645 3578 1721 3634 ut
1765 3591 1962 3655 supra
2006 3572 2165 3651 dixi,
2213 3590 2405 3653 saepe

394 3692 640 3754 causae,
689 3693 840 3738 cum
887 3692 1256 3758 repugnare
1297 3670 1551 3737 utilitas
1586 3670 1917 3736 honestati
1961 3672 2282 3749 videatur,
2329 3675 2405 3732 ut
