2867 4334
395 422 522 485 104
1175 421 1275 472 DE
1319 420 1624 476 OFFICIIS

393 591 560 636 mus.
635 569 830 638 Hanc
859 577 1016 658 ergo
1047 571 1589 638 consuetudinem
1610 571 2039 660 benignitatis
2068 575 2404 664 largitioni

394 693 742 739 munerum
773 672 970 761 longe
1000 682 1366 763 antepon03
1403 674 1563 742 haec
1598 683 1697 741 est
1724 677 2029 763 gravium
2059 677 2404 744 hominum

393 782 590 861 atque
634 795 1046 863 magnorum,
1078 775 1192 841 illa
1225 777 1410 863 quasi
1446 776 1940 843 adsentatorum
1975 780 2205 866 populi
2237 781 2405 845 mul-

297 887 374 940 64
394 877 697 962 titudinis
729 878 1070 944 levitatem
1107 877 1449 966 voluptate
1483 880 1672 966 quasi
1706 880 2143 947 titillantium.
2235 882 2404 949 Con·

393 980 615 1044 veniet
661 988 882 1046 autem
926 1002 1078 1046 cum
1124 981 1192 1044 in
1229 981 1449 1048 dando
1502 980 1893 1048 munificum
1939 1004 2099 1064 esse,
2133 991 2277 1048 tum
2328 986 2443 1049 ins

391 1082 717 1168 exigendo
761 1105 895 1148 non
952 1084 1259 1150 acerbum
1313 1085 1385 1149 in
1449 1086 1763 1172 omnique
1814 1107 1884 1150 re
1935 1085 2398 1171 contrahenda,

389 1185 749 1251 vendundo
792 1185 1092 1269 emendo,
1129 1186 1572 1253 ‘conducendo
1614 1187 1914 1270 locando,
1955 1189 2399 1256 vicinitatibus

389 1294 458 1352 et
486 1285 809 1371 confiniiS,
840 1309 1145 1374 aequum,
1175 1288 1462 1372 facilem,
1494 1289 1705 1354 multa
1735 1289 1962 1355 multis
1992 1291 2075 1356 de
2107 1313 2227 1357 suo
2257 1293 2401 1360 iure

389 1388 750 1474 cedentem,
782 1413 818 1456 a
853 1391 1080 1457 litibus
1125 1413 1301 1473 vei-0,
1339 1401 1661 1477 quantum
1707 1392 1897 1458 liceat
1932 1403 2007 1458 'et
2052 1377 2270 1461 nescio
2314 1417 2393 1460 an

389 1492 588 1580 paulo
619 1493 766 1580 plus
794 1494 1014 1576 etiarn,
1038 1515 1237 1579 quam
1270 1494 1483 1577 liceat,
1508 1493 1994 1560 abhorrentem.
2067 1495 2189 1562 Est
2218 1499 2394 1564 enim
2414 1521 2466 1561 ιο
2520 1567 2527 1576 ‚

389 1617 519 1660 non
551 1595 750 1661 modo
786 1595 1054 1662 liberale
1089 1595 1361 1681 paulum
1399 1617 1533 1660 non
1572 1617 1934 1680 numquam
1971 1597 2067 1661 de
2089 1619 2208 1663 suo
2252 1600 2396 1664 iure

388 1696 718 1780 decedere,
764 1696 878 1763 sed
922 1697 1257 1762 interdum
1303 1697 1502 1762 etiam
1545 1696 1979 1762 fructuosum.
2068 1697 2397 1765 Habenda

387 1808 608 1864 autem
671 1799 837 1865 ratio
899 1807 998 1864 est
1056 1799 1153 1863 rei
1214 1798 1581 1882 familiaris,
1628 1820 1824 1885 quam
1875 1799 2146 1884 quidem
2192 1801 2394 1867 dilabi

387 1902 602 1967 sinere
641 1901 1042 1988 flagitiosum
1087 1910 1206 1985 est,
1242 1901 1354 1970 sed
1399 1901 1512 1984 ita,
1544 1909 1619 1966 ut
1663 1900 2147 1967 inliberalitatis
2188 1905 2394 1968 avari-

389 2005 648 2092 tiaeque
682 2005 852 2070 absit
887 2004 1210 2091 suspicio;
1255 2025 1445 2090 posse
1480 2005 1657 2070 enim
1692 2003 2083 2070 liberalitate
2115 2005 2212 2070 uti
2258 2029 2386 2073 non
2408 2030 2463 2071 ιο

386 2108 774 2195 spoliantem
821 2129 890 2174 se
932 2107 1332 2194 patrimonio
1367 2107 1685 2173 nimirum
1723 2115 1821 2173 est
1864 2109 2179 2194 pecuniae
2221 2109 2395 2176 fruc-

387 2221 496 2276 tus
524 2213 869 2277 maximus,
959 2209 1165 2279 Recte
1200 2211 1399 2277 etiam
1438 2232 1475 2276 a
1510 2210 1963 2297 Theophrasto
1997 2219 2097 2276 est
2132 2211 2393 2277 laudata

387 2312 832 2399 hospitalitas3
877 2321 977 2379 est
1019 2314 1219 2396 enim,
1252 2321 1328 2378 ut
1369 2313 1537 2378 mihi
1573 2313 1844 2399 quidem
1879 2313 2163 2396 videtur,
2202 2313 2394 2380 valde

387 2415 698 2482 decorum
729 2423 953 2502 patere
983 2416 1218 2482 domus
1247 2415 1591 2482 hominum
1616 2415 1996 2481 inlustrium
2024 2415 2394 2503 hospitibus

385 2518 792 2600 inlustribus,
838 2519 1039 2604 idque
1083 2520 1286 2584 etiam
1331 2520 1424 2584 rei
1477 2518 1775 2605 publicae
1826 2525 1924 2582 est
1985 2528 2460 2600 ornamento‚2o

386 2621 686 2687 homines
715 2628 1020 2688 externos
1041 2621 1166 2687 hoc
1196 2621 1610 2687 liberalitatis
1631 2642 1871 2707 genere
1894 2622 1960 2684 in
1987 2622 2149 2686 urbe
2172 2629 2392 2687 nostra

386 2744 518 2788 non
551 2745 761 2808 egere.
851 2721 972 2787 Est
1001 2730 1221 2787 autem
1257 2723 1455 2788 etiam
1488 2722 1916 2788 vehementer
1948 2723 2108 2788 utile
2143 2723 2241 2806 iis,
2274 2723 2390 2810 qui

385 2823 658 2889 honeste
701 2837 888 2909 posse
933 2823 1220 2888 multum
1265 2823 1520 2906 volunt,
1564 2846 1685 2911 per
1726 2825 2017 2911 hospites
2066 2827 2240 2913 apud
2286 2848 2391 2891 ex-

384 2935 607 2991 ternos
641 2925 925 3013 populos
957 2925 1176 2990 valere
1211 2926 1449 3011 opibus
1483 2934 1551 2990 et
1584 2928 1812 3012 gratia.
1902 2927 2391 3014 Theophrastus

384 3027 656 3113 quidem
685 3027 909 3094 scribit
933 3027 1284 3120 Cimonem
1306 3027 1593 3093 Athenis
1622 3029 1822 3093 etiam
1846 3029 1912 3092 in
1940 3050 2089 3094 suos
2118 3029 2460 3095 curialesss

385 3130 692 3196 Laciadas
720 3129 1115 3217 hospitalem
1143 3129 1387 3213 fuisse3
1417 3130 1511 3195 ita
1542 3131 1719 3196 enim
1756 3131 2115 3196 instituisse
2151 3139 2219 3196 et
2248 3132 2391 3196 vili-

381 3236 476 3302 cis
526 3234 966 3322 imperavisse,
1018 3241 1096 3298 ut
1156 3234 1377 3299 omnia
1435 3234 1925 3320 praeberentur,
1988 3234 2390 3321 quicumque

381 3338 692 3405 Laciades
719 3338 789 3402 in
819 3337 1045 3402 villam
1077 3354 1260 3401 suam
1291 3335 1696 3401 devertisset.

468 3442 655 3521 Quae
699 3449 922 3506 autem
967 3461 1184 3526 opera,
1222 3461 1353 3504 non
1393 3439 1743 3526 largitione
1778 3440 2093 3506 beneficia
2128 3443 2387 3522 dantur,

379 3543 543 3611 haec
572 3554 716 3610 tum
746 3544 817 3609 in
849 3543 1220 3608 universam
1261 3565 1400 3609 rem
1435 3542 1788 3629 publicam,
1822 3551 1967 3608 tum
1995 3545 2063 3608 in
2096 3542 2456 3628 singulosso

380 3647 558 3712 cives
586 3646 1041 3713 conferuntur.
1119 3644 1298 3711 Nam
1331 3646 1400 3708 in
1434 3646 1576 3710 iure
1600 3666 1845 3728 cavere,
1870 3645 2140 3710 consilio
2162 3645 2387 3708 iuvare

379 3755 578 3834 atque
625 3748 753 3813 hoc
809 3749 1121 3814 scientiae·
1171 3763 1412 3832 genere
1464 3745 1769 3832 prodesse
1826 3767 2025 3833 quam
2083 3744 2387 3832 plurimis

292 3397 378 3464 19

287 3489 362 3541 65
