2867 4334
460 406 546 470 26
971 457 979 465 .
1241 404 1344 464 DE
1386 402 1695 464 omens
1756 455 1763 463 ,

459 553 728 636 nitibus,
753 551 1018 638 Poenis,
1042 551 1307 639 Pyrrho
1329 555 1414 624 de
1438 555 1720 644 imperio
1745 554 2201 622 dimicabatur.
2260 554 2476 622 Poeni

458 655 839 744 foedifragi,
872 656 1156 730 crudelis
1179 657 1539 743 Hannibal,
1570 658 1812 746 reliqui
1840 658 2165 724 iustiores.
2225 657 2476 746 Pyrrhi

459 758 738 845 quidem·
761 760 846 826 de
876 760 1152 846 captivis
1187 761 1541 828 reddendis
1569 761 1684 828 illa
1713 761 2085 848 praeclara:
2271 759 2562 896 yffi(
2587 830 2601 851 7

465 914 470 919 .
500 921 528 945 ,s
672 870 796 924 Nec
817 869 898 924 mi
925 885 1121 924 aurum
1145 887 1446 942 poseo·nec
1468 871 1551 926 mi
1577 871 1823 943 pretium
1848 869 2147 940 dederitis;
2275 837 2321 886 (ι
2462 854 2467 858 ἶ

423 949 450 961 ”
533 946 642 1011 ’ΜΚ
672 955 808 1011 Non
831 962 1212 1028 cauponantes
1237 959 1465 1029 bellum,
1483 959 1582 1014 sed
1605 958 1999 1030 belligerantes
2025 992 2040 1006 ι
2385 984 2398 992 ’
2510 977 2543 1019 5

670 1045 860 1115 Ferro,
880 1062 998 1099 non
1020 1062 1155 1101 auro
1178 1046 1354 1126 vitam
1378 1063 1669 1102 cernamus
1696 1045 1940 1116 utrique.

671 1133 861 1190 Vosne
882 1133 1022 1189 velit
1045 1151 1119 1189 an
1143 1151 1232 1189 me
1255 1151 1487 1208 regnare
1510 1152 1603 1192 era
1638 1135 1851 1204 quidve
1875 1135 2018 1190 ferat
2041 1137 2199 1207 Fors,
2255 1145 2333 1164 ‘²⁴¹‘
2356 1147 2373 1161 ⁶
2416 1134 2457 1161 Ν
2490 1149 2497 1158 ’
2534 1143 2539 1150 ’

669 1219 896 1276 Virtute
919 1222 1286 1292 experiamur.
1358 1224 1437 1277 Et
1459 1214 1571 1278 1]δὲ
1600 1222 1767 1278 simul
1792 1222 1985 1296 accipe
2009 1223 2257 1279 dietum:

669 1308 924 1376 Quorum
948 1309 1150 1364 virtuti
1177 1309 1310 1365 belli
1333 1309 1560 1365 fortuna
1584 1309 1855 1382 pepercit,

670 1398 997 1453 Eorundem
1020 1397 1271 1452 libertati
1295 1415 1385 1452 me
1410 1415 1637 1469 parcere
1662 1404 1877 1454 certum
1906 1405 2007 1458 est.
2490 1425 2543 1468 10

670 1487 854 1556 Don0,
873 1485 1082 1554 ducite,
1101 1485 1639 1555 doquevolentibus
1664 1502 1791 1540 cum
1815 1489 2037 1560 magnis
2062 1489 2169 1544 dis.

460 1583 731 1672 Regalis
758 1604 912 1649 sane
943 1591 1012 1647 et
1035 1581 1243 1668 digna
1271 1582 1714 1648 Aeacidarum
1746 1606 1988 1670 genere
2018 1589 2362 1656 sententia.

239 1679 326 1750 27
362 1659 450 1803 ἐξ
548 1687 779 1772 Atque
828 1685 1031 1752 etiam
1089 1684 1146 1748 si
1204 1683 1365 1770 quid
1427 1684 1674 1771 singuli
1738 1687 2147 1772 temporibus
2204 1692 2473 1761 adducti

456 1787 631 1854 hosti
665 1787 1131 1874 promiserunt,
1164 1794 1264 1850 est
1298 1785 1368 1850 in
1405 1808 1485 1852 eo
1522 1787 1665 1874 ipso
1702 1785 1867 1854 fides
1902 1793 2363 1876 conservanda,
2394 1805 2473 1862 ut

455 1891 671 1978 primo
711 1887 970 1953 Punico
1017 1887 1191 1953 bello
1226 1887 1527 1975 Regulus
1563 1899 1792 1976 eaptus
1826 1913 1865 1955 a
1899 1890 2144 1957 Poenis
2186 1916 2341 1959 cum
2386 1897 2469 1962 de
2486 1923 2539 1964 15

455 1991 736 2078 captivis
764 1990 1254 2059 commutandis
1279 1991 1563 2058 Romam
1596 1993 1839 2058 missus
1860 2002 2031 2059 esset
2064 1994 2469 2085 iurassetque
2524 2030 2530 2036 ·

453 2115 525 2160 se
553 2093 947 2176 rediturum,
974 2092 1289 2179 primum,
1320 2103 1397 2160 nt
1427 2095 1633 2178 venit,
1664 2096 1962 2183 captivos
1996 2097 2366 2166 reddendos
2395 2101 2466 2165 in

453 2205 684 2264 senatu
730 2218 863 2262 non
897 2197 1171 2280 censuit,
1203 2197 1463 2282 deinde,
1509 2221 1663 2266 cum
1698 2198 2097 2265 retineretur
2129 2223 2169 2266 a
2204 2204 2469 2290 propin-

455 2300 605 2387 quis
649 2307 716 2366 et
757 2301 842 2366 ab
886 2299 1130 2378 amieiS,
1161 2300 1242 2366 ad
1287 2300 1687 2387 supplicium
1727 2300 1945 2367 redire
1986 2303 2221 2370 maluit
2265 2327 2463 2393 quam

262 2456 272 2492 :
356 2415 435 2472 40
453 2403 658 2470 fidem
709 2402 882 2469 hosti
935 2403 1155 2468 datam
1208 2403 1460 2471 fallere.
1552 2403 1886 2487 [Secundo
1933 2414 2156 2473 autem
2208 2407 2533 2478 Punicoeo

453 2506 629 2594 bello
671 2515 822 2594 post
858 2505 1268 2573 Cannensem
1307 2527 1605 2594 pugnam
1632 2507 2083 2593 -quos.'deee1n
2122 2509 2464 2578 Hannibal
2525 2546 2532 2553 ·

452 2609 738 2676 Romam
781 2609 1080 2690 astrictos
1123 2608 1306 2674 misit
1347 2609 1493 2694 iure
1527 2609 1805 2676 iurando
1840 2632 1909 2676 se
1944 2611 2268 2678 redituros
2298 2631 2463 2697 esse,

451 2713 578 2778 nisi
626 2713 708 2778 de
760 2711 1164 2778 redimendis
1208 2710 1310 2802 iis,
1347 2711 1463 2797 qui
1512 2712 1689 2799 eapti
1734 2719 1941 2796 erant,
1978 2713 2465 2801 impetrassent,

450 2835 562 2886 eos
613 2834 840 2878 omnes
883 2827 1200 2895 censoreS,
1244 2814 1460 2900 quoad
1514 2815 1794 2901 quisque
1844 2837 2073 2884 eorum
2115 2817 2306 2901 vixit,
2346 2819 2466 2905 qui-

387 2940 414 2978 4
450 2915 868 3002 peierassent,
893 2914 960 2978 in
993 2915 1258 2981 aerariis
1285 2915 1695 3003 reliquerunt
1718 2938 1839 2982 nee
1864 2917 2087 3006 minus
2108 2919 2319 3004 illum,
2335 2923 2531 3007 quiza

451 3018 613 3084 iuris
649 3017 934 3082 iurandi·
977 3016 1215 3084 fraude
1273 3018 1539 3105 eulpam
1588 3019 1958 3088 invenerat.
2048 3019 2222 3087 Cum
2280 3023 2461 3088 enim

449 3119 848 3212 Hannibalis
899 3120 1219 3206 permissu
1272 3121 1511 3186 exisset
1561 3120 1670 3188 de.
1703 3121 1946 3203 eastris,
1990 3121 2205 3187 'rediit
2260 3123 2464 3209 paulo

451 3230 619 3311 post,
654 3221 858 3310 ,quod
915 3245 984 3288 se
1040 3222 1321 3290 oblitum
1379 3223 1609 3289 neseio·
1650 3223 1811 3309 quid
1868 3223 2155 3306 diceret3
2220 3225 2461 3293 deinde

449 3315 746 3414 egressus
774 3347 812 3391 e
847 3325 1074 3391 eastris
1107 3325 1249 3390 iure
1293 3325 1573 3392 iurando
1614 3347 1684 3390 se
1728 3325 2013 3392 solutum
2041 3329 2353 3414 putabat,
2392 3339 2461 3396 et

449 3437 591 3494 erat
635 3428 872 3510 verbis,
904 3443 976 3494 re
1018 3447 1150 3492 non
1189 3435 1350 3493 erat.
1440 3427 1717 3515 Semper
1751 3429 2072 3495 autem-in
2104 3429 2253 3520 'fide
2296 3433 2527 3520 quidm

361 3522 366 3546 ''
448 3531 742 3616 senseris,
803 3552 938 3597 non
997 3530 1157 3617 quid
1219 3529 1483 3614 dixeris,
1548 3531 1994 3621 cogitandum.
2081 3531 2459 3602 Maximum

449 3640 674 3702 antem
715 3630 1095 3719 exemplum
1142 3632 1574 3699 est‘iustitiae
1608 3635 1680 3698 in
1724 3633 1981 3700 hostem
2018 3656 2057 3698 a
2100 3636 2461 3702 maioribus

449 3735 687 3802 nostris
715 3736 1171 3821 constitutum,
1207 3756 1356 3803 eum
1387 3757 1424 3802 a
1454 3734 1719 3824 Pyrrho
1753 3735 2325 3832 perfuga-senatui
2358 3746 2463 3806 est

319 3909 375 3948 Ᾰ,
441 3895 491 3945 (ja
554 3882 688 3923 ‘'s'

571 3969 578 3979 .
886 3971 952 4001 ..¹
1053 3981 1061 3990 ,
