2867 4334
874 405 1012 459 mn.
1051 409 1095 459 1.
1167 407 1327 459 CAP.
1365 409 1569 460 30—32.
1640 406 1671 470 5
1706 409 1950 459 109-115.
2341 407 2425 471 53

403 558 548 645 ipse
572 565 894 646 perpetua
921 558 1285 625 constantia
1306 557 1742 640 roboravisset
1771 578 2160 646 semperque
2188 557 2259 622 iu
2282 578 2426 644 pro-

403 662 623 749 posito
675 669 1106 749 susceptoque
1153 660 1425 726 consilio
1482 661 1958 747 permansisset,
2004 659 2446 742 moriendum·

402 765 629 851 potius
670 785 867 850 quam
912 763 1180 850 tyranni
1229 761 1455 828 vultus
1499 763 1910 850 aspiciendus
1953 763 2108 830 fuit.
2204 763 2422 842 Quam
2445 777 2559 831 113

405 866 618 932 multa
659 887 886 954 passus
930 874 1031 932 est
1078 864 1313 932 Ulixes
1359 865 1431 929 in
1482 864 1599 932 illo
1637 887 1854 932 errore
1902 865 2239 948 diuturm,
2271 888 2423 932 cum

354 975 475 1035 set
504 967 910 1051 mulieribus,
935 967 990 1032 si
1021 966 1214 1033 Circe
1243 975 1313 1034 et
1342 966 1631 1055 Calypso
1661 967 1968 1036 mulieres
1996 967 2425 1056 appellandae

407 1076 586 1152 sunt,
609 1069 957 1135 inserviret
986 1077 1054 1135 et
1083 1071 1153 1134 in
1185 1070 1366 1136 omni
1395 1077 1697 1136 sermone
1728 1070 2037 1136 omnibus
2065 1071 2427 1158 adfabilem

413 1172 512 1254 [et
546 1169 940 1256 iucundum]
980 1193 1119 1237 esse
1160 1193 1230 1237 se
1267 1170 1505 1238 vellet!
1552 1172 1735 1236 domi
1772 1193 1927 1239 vero
1968 1173 2170 1238 etiam
2202 1182 2429 1239 contu-

408 1273 640 1339 melias
683 1295 1022 1339 servorum
1067 1273 1587 1360 ancillarumque
1630 1273 1925 1361 pertulit,
1957 1282 2034 1339 ut
2076 1274 2159 1340 ad
2204 1274 2276 1340 id
2318 1274 2428 1340 ali-

406 1374 695 1461 quando,
726 1374 905 1461 quod
940 1375 1268 1462 cupiebat,
1301 1375 1577 1441 veniret.
1666 1375 1768 1441 At
1805 1375 2003 1458 Aiax,
2034 1397 2169 1463 quo
2202 1376 2426 1443 animo

335 1495 392 1536 ιο
410 1477 710 1559 traditur,
735 1477 952 1542 milies
982 1485 1294 1565 oppetere
1321 1485 1606 1544 mortem
1638 1499 1841 1564 quam
1872 1476 1988 1543 illa
2008 1479 2267 1566 perpeti
2297 1500 2427 1544 ma-

407 1579 653 1645 luisset.
721 1577 908 1658 Quae
937 1579 1462 1666 contemplantes
1489 1580 1863 1676 expepdere
1892 1581 2243 1667 oportebit,
2261 1581 2425 1667 quid
2466 1579 2645 1654 »tm-,³

406 1682 684 1768 quisque
720 1680 956 1747 habeat
990 1681 1112 1764 sui,
1145 1703 1354 1768 eaque
1385 1682 1714 1748 moderari
1751 1703 1871 1748 nec
1906 1681 2077 1748 velle
2116 1682 2423 1770 experiri,

406 1805 606 1870 quam
650 1805 720 1849 se
763 1783 975 1850 aliena
1017 1784 1329 1867 deceant3
1381 1783 1454 1850 id
1506 1785 1689 1850 enim
1740 1807 2049 1852 maxume
2092 1807 2425 1874 quemque

405 1884 612 1968 decet,
642 1885 820 1971 quod
856 1894 954 1950 est
989 1885 1310 1974 cuiusque
1344 1907 1656 1952 maxume
1696 1909 1911 1953 suum.
1997 1887 2219 1954 Suum
2252 1888 2424 1975 quis-
2442 1898 2560 1953 114

335 2012 389 2053 ιε
406 2008 536 2073 que
580 1988 789 2074 igitur
830 1994 1057 2052 noscat
1101 1987 1451 2074 ingenium
1494 2010 1839 2077 acremque
1878 2011 1947 2055 sc
1986 2000 2055 2056 et
2097 1991 2424 2058 bonorum

404 2098 473 2154 et
510 2089 825 2155 vitiorum
855 2111 1123 2155 suorum
1159 2089 1449 2156 iudicem
1480 2092 1808 2177 praebeat,
1839 2113 1925 2158 ne
1958 2094 2236 2160 scaenici
2272 2093 2423 2180 plus

403 2213 604 2278 quam
634 2213 754 2257 nos
783 2192 1136 2258 videantur
1161 2191 1405 2259 habere
1432 2193 1843 2280 prudentiae.
1937 2193 2050 2259 Illi
2080 2196 2261 2262 enim
2284 2217 2421 2262 non

404 2301 728 2380 optumas,
757 2293 873 2359 sed
907 2293 1034 2360 sibi
1070 2295 1799 2361 accommodatissumas
1833 2295 2091 2362 fabulas
2124 2296 2421 2384 eligunt3

403 2396 519 2483 qui
567 2417 726 2462 voce
769 2395 929 2462 freti
982 2404 1157 2479 sunt,
1193 2394 1535 2483 Epigonos
1577 2396 2010 2484 Medumque,
2047 2399 2164 2485 qui
2207 2407 2419 2484 gestu,

301 2487 306 2492 ⁸
333 2519 388 2562 so
403 2496 874 2584 Melanippam,
894 2498 1424 2585 Clytemestram,
1446 2509 1706 2586 semper
1727 2498 2057 2585 Rupilius,
2074 2519 2275 2584 quem
2296 2521 2423 2586 ego

402 2600 699 2682 memini,
720 2601 1111 2688 Antiopam,
1137 2621 1269 2667 non
1301 2621 1497 2688 saepe
1518 2602 1826 2687 Aesopus
1855 2600 2151 2666 Aiacem.
2240 2598 2420 2688 Ergo

400 2700 635 2768 histrio
665 2701 789 2769 hoc
819 2703 1072 2770 videbit
1100 2703 1169 2769 in
1203 2725 1455 2788 scaena,
1481 2725 1613 2770 non
1645 2703 1901 2769 videbit
1930 2703 2185 2790 sapiens
2215 2704 2321 2768 vir
2346 2704 2419 2768 iu

402 2805 582 2871 vitai
668 2805 781 2871 Ad
813 2827 975 2892 quas
1003 2806 1213 2893 igitur
1239 2829 1343 2873 res
1372 2807 1699 2894 aptissimi
1726 2806 1992 2890 erimus,
2016 2806 2084 2871 in
2118 2807 2197 2872 iis
2225 2807 2423 2894 potis-

400 2904 643 2970 simum
687 2905 1166 2996 elaborabimus
1185 2917 1214 2989 ;'
1248 2907 1350 2973 sin
1391 2906 1747 2995 aliquando
1790 2905 2141 2973 necessitas
2173 2928 2294 2974 nos
2335 2907 2421 2974 ad

331 3027 477 3078 mea
511 3006 884 3090 detruserit,
909 3028 1077 3095 quae
1110 3010 1319 3075 nostri
1353 3010 1611 3097 ingenii
1645 3031 1780 3076 non
1821 3018 2037 3093 erunt,
2062 3011 2279 3076 omnis
2313 3009 2422 3076 ad-

399 3106 689 3175 hibenda
715 3110 845 3175 erit
873 3130 1046 3193 cura,
1071 3110 1434 3195 meditati0‚
1459 3112 1828 3200 diligentia,
1850 3120 1929 3177 ut
1957 3134 2035 3177 ea
2064 3113 2120 3178 si
2148 3133 2282 3178 non
2314 3112 2423 3177 de-

401 3229 568 3291 core,
599 3217 668 3275 at
711 3231 911 3297 quam
955 3211 1233 3276 minime
1277 3211 1585 3279 indecore
1627 3212 1849 3278 facere
1891 3213 2253 3298 possimus;
2298 3232 2421 3276 nec

401 3316 540 3374 tam
574 3318 674 3376 est
707 3311 1118 3396 enitendum,
1142 3319 1220 3378 ut
1255 3313 1448 3397 bona,
1473 3335 1643 3400 quae
1678 3313 1869 3380 nobis
1902 3313 2056 3378 data
2094 3333 2227 3378 non
2263 3311 2419 3394 sint,

399 3433 771 3498 sequamur,
794 3434 995 3500 quam
1023 3425 1102 3478 ut
1131 3415 1295 3480 vitia
1324 3414 1683 3501 fugiamus.

330 3538 386 3580 ιο
485 3512 593 3579 Ac
637 3513 890 3581 duabus
941 3515 1022 3580 iis
1065 3515 1382 3601 personis,
1419 3536 1581 3601 quas
1624 3535 1823 3600 supra
1866 3512 2026 3596 dixi,
2064 3511 2259 3578 tertia
2309 3513 2421 3578 ad-
2449 3501 2539 3569 32

399 3614 722 3703 iungitur,
744 3637 946 3702 quam
967 3637 1151 3682 casus
1179 3615 1389 3734 aliqui
1415 3623 1533 3680 aut
1555 3622 1819 3701 tempus
1841 3613 2141 3701 inponit·
2124 3662 2142 3697 ,
2187 3623 2420 3701 quarta
2440 3593 2553 3650 115

399 3718 622 3802 etiam,
654 3739 858 3805 quam
898 3719 1226 3786 nobismet
1264 3717 1393 3806 ipsi
1427 3716 1675 3785 iudicio
1715 3724 1939 3784 nostro
1977 3717 2421 3786 accommoda-

2534 3419 2622 3477 elz:
2694 3437 2753 3466 ³.
