<?xml version="1.0" encoding="UTF-8"?>
<!DOCTYPE html PUBLIC "-//W3C//DTD XHTML 1.0 Transitional//EN"
    "http://www.w3.org/TR/xhtml1/DTD/xhtml1-transitional.dtd">
<html xmlns="http://www.w3.org/1999/xhtml" xml:lang="en" lang="en">
 <head>
  <title>
</title>
<meta http-equiv="Content-Type" content="text/html;charset=utf-8" />
  <meta name='ocr-system' content='tesseract 3.04.00' />
  <meta name='ocr-capabilities' content='ocr_page ocr_carea ocr_par ocr_line ocrx_word'/>
</head>
<body>
  <div class='ocr_page' id='page_1' title='image "./mtulliiciceroni07unkngoog_0089.png"; bbox 0 0 2867 4334; ppageno 0'>
   <div class='ocr_carea' id='block_1_1' title="bbox 407 375 1811 442">
    <p class='ocr_par' dir='ltr' id='par_1_1' title="bbox 407 375 1811 442">
     <span class='ocr_line' id='line_1_1' title="bbox 407 375 1811 442; baseline -0.003 -14"><span class='ocrx_word' id='word_1_1' title='bbox 407 379 490 442; x_wconf 76' lang='lat'><strong>60</strong></span> <span class='ocrx_word' id='word_1_2' title='bbox 881 386 914 428; x_wconf 90' lang='grc'><strong>.·</strong></span> <span class='ocrx_word' id='word_1_3' title='bbox 1187 377 1291 428; x_wconf 79' lang='lat' dir='ltr'><strong>DE</strong></span> <span class='ocrx_word' id='word_1_4' title='bbox 1336 375 1647 430; x_wconf 68' lang='lat' dir='ltr'><strong>ormons</strong></span> <span class='ocrx_word' id='word_1_5' title='bbox 1724 417 1729 426; x_wconf 91' lang='lat'>.</span> <span class='ocrx_word' id='word_1_6' title='bbox 1802 417 1811 424; x_wconf 88' lang='lat'><strong><em>.</em></strong></span> 
     </span>
    </p>
   </div>
   <div class='ocr_carea' id='block_1_2' title="bbox 270 519 2574 3187">
    <p class='ocr_par' dir='ltr' id='par_1_2' title="bbox 405 519 2419 611">
     <span class='ocr_line' id='line_1_2' title="bbox 405 519 2419 611; baseline 0.002 -20"><span class='ocrx_word' id='word_1_7' title='bbox 405 526 787 611; x_wconf 85' lang='lat' dir='ltr'><strong>incidamus,</strong></span> <span class='ocrx_word' id='word_1_8' title='bbox 817 536 887 593; x_wconf 92' lang='lat' dir='ltr'><strong>et</strong></span> <span class='ocrx_word' id='word_1_9' title='bbox 930 527 985 593; x_wconf 90' lang='lat' dir='ltr'><strong>si</strong></span> <span class='ocrx_word' id='word_1_10' title='bbox 1029 519 1332 594; x_wconf 85' lang='lat' dir='ltr'><strong>attentos</strong></span> <span class='ocrx_word' id='word_1_11' title='bbox 1359 527 1615 594; x_wconf 79' lang='lat' dir='ltr'><strong>animos</strong></span> <span class='ocrx_word' id='word_1_12' title='bbox 1660 527 1744 593; x_wconf 86' lang='lat' dir='ltr'><strong>ad</strong></span> <span class='ocrx_word' id='word_1_13' title='bbox 1788 527 2041 595; x_wconf 85' lang='lat' dir='ltr'><strong>decoris</strong></span> <span class='ocrx_word' id='word_1_14' title='bbox 2085 549 2419 598; x_wconf 86' lang='lat' dir='ltr'><strong>conserva-</strong></span> 
     </span>
    </p>

    <p class='ocr_par' dir='ltr' id='par_1_3' title="bbox 270 627 2574 1230">
     <span class='ocr_line' id='line_1_3' title="bbox 270 627 2420 719; baseline 0.005 -29"><span class='ocrx_word' id='word_1_15' title='bbox 270 637 383 691; x_wconf 81' lang='lat'><strong>132</strong></span> <span class='ocrx_word' id='word_1_16' title='bbox 405 629 656 695; x_wconf 90' lang='lat' dir='ltr'><strong>tionem</strong></span> <span class='ocrx_word' id='word_1_17' title='bbox 692 630 1081 697; x_wconf 76' lang='lat' dir='ltr'><strong>tenebimus·</strong></span> <span class='ocrx_word' id='word_1_18' title='bbox 1169 627 1400 696; x_wconf 76' lang='lat' dir='ltr'><strong>Moffis</strong></span> <span class='ocrx_word' id='word_1_19' title='bbox 1445 638 1669 697; x_wconf 88' lang='lat' dir='ltr'><strong>autem</strong></span> <span class='ocrx_word' id='word_1_20' title='bbox 1712 631 2087 697; x_wconf 84' lang='lat' dir='ltr'><strong>animorum</strong></span> <span class='ocrx_word' id='word_1_21' title='bbox 2123 631 2420 719; x_wconf 85' lang='lat' dir='ltr'><strong>duplices</strong></span> 
     </span>
     <span class='ocr_line' id='line_1_4' title="bbox 401 729 2574 820; baseline 0.002 -24"><span class='ocrx_word' id='word_1_22' title='bbox 401 739 578 814; x_wconf 90' lang='lat' dir='ltr'><strong>sunt,</strong></span> <span class='ocrx_word' id='word_1_23' title='bbox 614 730 806 798; x_wconf 87' lang='lat' dir='ltr'><strong>alteri</strong></span> <span class='ocrx_word' id='word_1_24' title='bbox 855 732 1293 820; x_wconf 78' lang='lat' dir='ltr'><strong>cogitationis,</strong></span> <span class='ocrx_word' id='word_1_25' title='bbox 1329 732 1522 798; x_wconf 88' lang='lat' dir='ltr'><strong>alteri</strong></span> <span class='ocrx_word' id='word_1_26' title='bbox 1564 729 1936 820; x_wconf 72' lang='lat' dir='ltr'><strong>appetitus3</strong></span> <span class='ocrx_word' id='word_1_27' title='bbox 1988 734 2305 820; x_wconf 79' lang='lat' dir='ltr'><strong>cogitatio</strong></span> <span class='ocrx_word' id='word_1_28' title='bbox 2347 737 2417 801; x_wconf 88' lang='lat' dir='ltr'><strong>in</strong></span> <span class='ocrx_word' id='word_1_29' title='bbox 2505 761 2509 766; x_wconf 94' lang='lat'>·</span> <span class='ocrx_word' id='word_1_30' title='bbox 2565 749 2574 756; x_wconf 86' lang='grc'><em>·</em></span> 
     </span>
     <span class='ocr_line' id='line_1_5' title="bbox 403 834 2421 924; baseline 0.003 -27"><span class='ocrx_word' id='word_1_31' title='bbox 403 854 562 900; x_wconf 85' lang='lat' dir='ltr'><strong>vero</strong></span> <span class='ocrx_word' id='word_1_32' title='bbox 612 834 1021 921; x_wconf 88' lang='lat' dir='ltr'><strong>exquirendo</strong></span> <span class='ocrx_word' id='word_1_33' title='bbox 1068 855 1376 900; x_wconf 81' lang='lat' dir='ltr'><strong>maxume</strong></span> <span class='ocrx_word' id='word_1_34' title='bbox 1419 839 1738 917; x_wconf 79' lang='lat' dir='ltr'><strong>versatur,</strong></span> <span class='ocrx_word' id='word_1_35' title='bbox 1776 835 2113 923; x_wconf 86' lang='lat' dir='ltr'><strong>appetitus</strong></span> <span class='ocrx_word' id='word_1_36' title='bbox 2156 836 2421 924; x_wconf 84' lang='lat' dir='ltr'><strong>inpellit</strong></span> 
     </span>
     <span class='ocr_line' id='line_1_6' title="bbox 402 935 2487 1026; baseline 0.001 -26"><span class='ocrx_word' id='word_1_37' title='bbox 402 935 488 1001; x_wconf 88' lang='lat' dir='ltr'><strong>ad</strong></span> <span class='ocrx_word' id='word_1_38' title='bbox 522 936 871 1024; x_wconf 88' lang='lat' dir='ltr'><strong>agendum.</strong></span> <span class='ocrx_word' id='word_1_39' title='bbox 903 945 908 950; x_wconf 81' lang='grc'>’</span> <span class='ocrx_word' id='word_1_40' title='bbox 962 936 1354 1004; x_wconf 82' lang='lat' dir='ltr'><strong>Curandum·</strong></span> <span class='ocrx_word' id='word_1_41' title='bbox 1388 946 1490 1003; x_wconf 92' lang='lat' dir='ltr'><strong>est</strong></span> <span class='ocrx_word' id='word_1_42' title='bbox 1526 936 1749 1024; x_wconf 87' lang='lat' dir='ltr'><strong>igitur,</strong></span> <span class='ocrx_word' id='word_1_43' title='bbox 1782 949 1859 1004; x_wconf 89' lang='lat' dir='ltr'><strong>ut</strong></span> <span class='ocrx_word' id='word_1_44' title='bbox 1894 938 2295 1026; x_wconf 83' lang='lat' dir='ltr'><strong>cogitatione</strong></span> <span class='ocrx_word' id='word_1_45' title='bbox 2335 940 2418 1006; x_wconf 84' lang='lat' dir='ltr'><strong>ad</strong></span> <span class='ocrx_word' id='word_1_46' title='bbox 2458 963 2487 1002; x_wconf 73' lang='lat' dir='ltr'><strong>u</strong></span> 
     </span>
     <span class='ocr_line' id='line_1_7' title="bbox 402 1040 2441 1128; baseline 0.001 -24"><span class='ocrx_word' id='word_1_47' title='bbox 402 1059 506 1105; x_wconf 86' lang='lat' dir='ltr'><strong>res</strong></span> <span class='ocrx_word' id='word_1_48' title='bbox 547 1060 750 1127; x_wconf 83' lang='lat' dir='ltr'><strong>quam</strong></span> <span class='ocrx_word' id='word_1_49' title='bbox 791 1048 1096 1128; x_wconf 84' lang='lat' dir='ltr'><strong>optumas</strong></span> <span class='ocrx_word' id='word_1_50' title='bbox 1137 1046 1423 1124; x_wconf 85' lang='lat' dir='ltr'><strong>utamur,</strong></span> <span class='ocrx_word' id='word_1_51' title='bbox 1454 1040 1831 1128; x_wconf 84' lang='lat' dir='ltr'><strong>appetitum</strong></span> <span class='ocrx_word' id='word_1_52' title='bbox 1854 1041 2112 1107; x_wconf 77' lang='lat' dir='ltr'><strong>rationi</strong></span> <span class='ocrx_word' id='word_1_53' title='bbox 2158 1042 2441 1109; x_wconf 72' lang='lat' dir='ltr'><strong>oboedi-‘</strong></span> 
     </span>
     <span class='ocr_line' id='line_1_8' title="bbox 403 1143 1580 1230; baseline -0.003 -23"><span class='ocrx_word' id='word_1_54' title='bbox 403 1147 627 1208; x_wconf 89' lang='lat' dir='ltr'><strong>entem</strong></span> <span class='ocrx_word' id='word_1_55' title='bbox 656 1143 1104 1230; x_wconf 85' lang='lat' dir='ltr'><strong>praebeamus.</strong></span> <span class='ocrx_word' id='word_1_56' title='bbox 1572 1195 1580 1203; x_wconf 90' lang='lat'><strong>.</strong></span> 
     </span>
    </p>

    <p class='ocr_par' dir='ltr' id='par_1_4' title="bbox 297 1242 2560 2256">
     <span class='ocr_line' id='line_1_9' title="bbox 297 1242 2414 1335; baseline -0 -21"><span class='ocrx_word' id='word_1_57' title='bbox 297 1245 415 1314; x_wconf 75' lang='lat'><strong>8⁷.</strong></span> <span class='ocrx_word' id='word_1_58' title='bbox 488 1242 578 1311; x_wconf 85' lang='lat' dir='ltr'><strong>Et</strong></span> <span class='ocrx_word' id='word_1_59' title='bbox 611 1245 925 1332; x_wconf 86' lang='lat' dir='ltr'><strong>quoniam</strong></span> <span class='ocrx_word' id='word_1_60' title='bbox 970 1267 1210 1334; x_wconf 85' lang='lat' dir='ltr'><strong>magua</strong></span> <span class='ocrx_word' id='word_1_61' title='bbox 1241 1246 1346 1322; x_wconf 83' lang='lat' dir='ltr'><strong>vis</strong></span> <span class='ocrx_word' id='word_1_62' title='bbox 1387 1245 1703 1312; x_wconf 86' lang='lat' dir='ltr'><strong>orationis</strong></span> <span class='ocrx_word' id='word_1_63' title='bbox 1744 1254 1864 1329; x_wconf 87' lang='lat' dir='ltr'><strong>est,</strong></span> <span class='ocrx_word' id='word_1_64' title='bbox 1896 1268 2103 1333; x_wconf 86' lang='lat' dir='ltr'><strong>eaque</strong></span> <span class='ocrx_word' id='word_1_65' title='bbox 2146 1246 2414 1335; x_wconf 85' lang='lat' dir='ltr'><strong>duplex,</strong></span> 
     </span>
     <span class='ocr_line' id='line_1_10' title="bbox 403 1347 2417 1440; baseline 0.002 -28"><span class='ocrx_word' id='word_1_66' title='bbox 403 1348 608 1413; x_wconf 88' lang='lat' dir='ltr'><strong>altera</strong></span> <span class='ocrx_word' id='word_1_67' title='bbox 641 1347 1100 1432; x_wconf 75' lang='lat' dir='ltr'><strong>contentiouiS,</strong></span> <span class='ocrx_word' id='word_1_68' title='bbox 1119 1347 1328 1416; x_wconf 79' lang='lat' dir='ltr'><strong>&#39;altera</strong></span> <span class='ocrx_word' id='word_1_69' title='bbox 1365 1348 1704 1432; x_wconf 89' lang='lat' dir='ltr'><strong>sermonis,</strong></span> <span class='ocrx_word' id='word_1_70' title='bbox 1727 1350 2068 1440; x_wconf 90' lang='lat' dir='ltr'><strong>contentio</strong></span> <span class='ocrx_word' id='word_1_71' title='bbox 2102 1350 2417 1438; x_wconf 84' lang='lat' dir='ltr'><strong>discepta-</strong></span> 
     </span>
     <span class='ocr_line' id='line_1_11' title="bbox 404 1448 2560 1534; baseline 0 -19"><span class='ocrx_word' id='word_1_72' title='bbox 404 1449 698 1516; x_wconf 83' lang='lat' dir='ltr'><strong>tionibus</strong></span> <span class='ocrx_word' id='word_1_73' title='bbox 713 1449 1040 1516; x_wconf 82' lang='lat' dir='ltr'><strong>tribuatur</strong></span> <span class='ocrx_word' id='word_1_74' title='bbox 1055 1450 1471 1534; x_wconf 89' lang='lat' dir='ltr'><strong>iudiciorum,</strong></span> <span class='ocrx_word' id='word_1_75' title='bbox 1487 1451 1890 1534; x_wconf 84' lang='lat' dir='ltr'><strong>contionum,</strong></span> <span class='ocrx_word' id='word_1_76' title='bbox 1907 1448 2486 1534; x_wconf 74' lang='lat' dir='ltr'><strong>senatus,‘sermo&#39;1o</strong></span> <span class='ocrx_word' id='word_1_77' title='bbox 2555 1511 2560 1516; x_wconf 81' lang='grc'><em>,</em></span> 
     </span>
     <span class='ocr_line' id='line_1_12' title="bbox 402 1542 2509 1640; baseline 0.002 -24"><span class='ocrx_word' id='word_1_78' title='bbox 402 1550 474 1617; x_wconf 88' lang='lat' dir='ltr'><strong>in</strong></span> <span class='ocrx_word' id='word_1_79' title='bbox 498 1551 778 1636; x_wconf 89' lang='lat' dir='ltr'><strong>circulis,</strong></span> <span class='ocrx_word' id='word_1_80' title='bbox 796 1552 1371 1640; x_wconf 88' lang='lat' dir='ltr'><strong>disputationibus,</strong></span> <span class='ocrx_word' id='word_1_81' title='bbox 1391 1553 1963 1640; x_wconf 82' lang='lat' dir='ltr'><strong>congressionibus</strong></span> <span class='ocrx_word' id='word_1_82' title='bbox 1984 1553 2415 1620; x_wconf 81' lang='lat' dir='ltr'><strong>familiarium</strong></span> <span class='ocrx_word' id='word_1_83' title='bbox 2505 1542 2509 1546; x_wconf 42' lang='lat'>¹</span> 
     </span>
     <span class='ocr_line' id='line_1_13' title="bbox 405 1653 2414 1743; baseline 0.001 -24"><span class='ocrx_word' id='word_1_84' title='bbox 405 1661 721 1737; x_wconf 79' lang='lat' dir='ltr'><strong>versetur,</strong></span> <span class='ocrx_word' id='word_1_85' title='bbox 743 1662 1054 1741; x_wconf 87' lang='lat' dir='ltr'><strong>sequatur</strong></span> <span class='ocrx_word' id='word_1_86' title='bbox 1087 1653 1290 1720; x_wconf 85' lang='lat' dir='ltr'><strong>etiam</strong></span> <span class='ocrx_word' id='word_1_87' title='bbox 1323 1655 1649 1721; x_wconf 82' lang='lat' dir='ltr'><strong>convivia.</strong></span> <span class='ocrx_word' id='word_1_88' title='bbox 1739 1654 2203 1723; x_wconf 82' lang='lat' dir='ltr'><strong>Contentionis</strong></span> <span class='ocrx_word' id='word_1_89' title='bbox 2236 1678 2414 1743; x_wconf 89' lang='lat' dir='ltr'><strong>prae·</strong></span> 
     </span>
     <span class='ocr_line' id='line_1_14' title="bbox 403 1756 2414 1845; baseline 0.002 -23"><span class='ocrx_word' id='word_1_90' title='bbox 403 1765 595 1844; x_wconf 85' lang='lat' dir='ltr'><strong>cepta</strong></span> <span class='ocrx_word' id='word_1_91' title='bbox 629 1756 968 1822; x_wconf 83' lang='lat' dir='ltr'><strong>rhetorum</strong></span> <span class='ocrx_word' id='word_1_92' title='bbox 1007 1764 1182 1840; x_wconf 89' lang='lat' dir='ltr'><strong>sunt,</strong></span> <span class='ocrx_word' id='word_1_93' title='bbox 1213 1756 1396 1822; x_wconf 87' lang='lat' dir='ltr'><strong>nulla</strong></span> <span class='ocrx_word' id='word_1_94' title='bbox 1429 1757 1768 1843; x_wconf 65' lang='lat' dir='ltr'><strong>sermonis,</strong></span> <span class='ocrx_word' id='word_1_95' title='bbox 1801 1779 2201 1845; x_wconf 87' lang='lat' dir='ltr'><strong>quamquam</strong></span> <span class='ocrx_word' id='word_1_96' title='bbox 2236 1759 2414 1826; x_wconf 88' lang='lat' dir='ltr'><strong>haud</strong></span> 
     </span>
     <span class='ocr_line' id='line_1_15' title="bbox 405 1829 2415 2033; baseline 0.002 -110"><span class='ocrx_word' id='word_1_97' title='bbox 405 1859 540 1925; x_wconf 90' lang='lat' dir='ltr'><strong>scio</strong></span> <span class='ocrx_word' id='word_1_98' title='bbox 569 1879 653 1924; x_wconf 90' lang='lat' dir='ltr'><strong>an</strong></span> <span class='ocrx_word' id='word_1_99' title='bbox 683 1858 935 1945; x_wconf 89' lang='lat' dir='ltr'><strong>possint</strong></span> <span class='ocrx_word' id='word_1_100' title='bbox 963 1858 1124 1926; x_wconf 87' lang='lat' dir='ltr'><strong>hacc</strong></span> <span class='ocrx_word' id='word_1_101' title='bbox 1153 1881 1418 1946; x_wconf 89' lang='lat' dir='ltr'><strong>quoque</strong></span> <span class='ocrx_word' id='word_1_102' title='bbox 1448 1829 1605 2033; x_wconf 40' lang='lat' dir='ltr'><strong>esf.</strong></span> <span class='ocrx_word' id='word_1_103' title='bbox 1697 1859 1831 1926; x_wconf 84' lang='lat' dir='ltr'><strong>Sed</strong></span> <span class='ocrx_word' id='word_1_104' title='bbox 1860 1860 2254 1927; x_wconf 89' lang='lat' dir='ltr'><strong>discentium</strong></span> <span class='ocrx_word' id='word_1_105' title='bbox 2286 1871 2415 1927; x_wconf 87' lang='lat' dir='ltr'><strong>stu·-</strong></span> 
     </span>
     <span class='ocr_line' id='line_1_16' title="bbox 406 1960 2484 2050; baseline 0 -24"><span class='ocrx_word' id='word_1_106' title='bbox 406 1960 532 2026; x_wconf 89' lang='lat' dir='ltr'><strong>diis</strong></span> <span class='ocrx_word' id='word_1_107' title='bbox 582 1960 1016 2027; x_wconf 80' lang='lat' dir='ltr'><strong>inveniuntur</strong></span> <span class='ocrx_word' id='word_1_108' title='bbox 1070 1963 1388 2049; x_wconf 83' lang='lat' dir='ltr'><strong>magistri,</strong></span> <span class='ocrx_word' id='word_1_109' title='bbox 1433 1961 1526 2028; x_wconf 90' lang='lat' dir='ltr'><strong>hu</strong></span> <span class='ocrx_word' id='word_1_110' title='bbox 1555 1985 1590 2029; x_wconf 94' lang='lat' dir='ltr'><strong>c</strong></span> <span class='ocrx_word' id='word_1_111' title='bbox 1638 1969 1861 2029; x_wconf 90' lang='lat' dir='ltr'><strong>autem</strong></span> <span class='ocrx_word' id='word_1_112' title='bbox 1915 1964 2030 2050; x_wconf 88' lang='lat' dir='ltr'><strong>qui</strong></span> <span class='ocrx_word' id='word_1_113' title='bbox 2088 1964 2413 2048; x_wconf 79' lang='lat' dir='ltr'><strong>studeant,</strong></span> <span class='ocrx_word' id='word_1_114' title='bbox 2432 1986 2484 2027; x_wconf 69' lang='grc' dir='ltr'><strong>ιο</strong></span> 
     </span>
     <span class='ocr_line' id='line_1_17' title="bbox 405 2059 2412 2153; baseline 0.001 -24"><span class='ocrx_word' id='word_1_115' title='bbox 405 2069 562 2129; x_wconf 88' lang='lat' dir='ltr'><strong>sunt</strong></span> <span class='ocrx_word' id='word_1_116' title='bbox 596 2061 785 2147; x_wconf 90' lang='lat' dir='ltr'><strong>nulli,</strong></span> <span class='ocrx_word' id='word_1_117' title='bbox 809 2062 1148 2131; x_wconf 85' lang='lat' dir='ltr'><strong>rhetorum</strong></span> <span class='ocrx_word' id='word_1_118' title='bbox 1177 2065 1372 2131; x_wconf 84' lang='lat' dir='ltr'><strong>turba</strong></span> <span class='ocrx_word' id='word_1_119' title='bbox 1405 2059 1651 2132; x_wconf 70' lang='lat' dir='ltr'><strong>referta</strong></span> <span class='ocrx_word' id='word_1_120' title='bbox 1686 2065 1945 2148; x_wconf 84' lang='lat' dir='ltr'><strong>omnia3</strong></span> <span class='ocrx_word' id='word_1_121' title='bbox 1993 2085 2412 2153; x_wconf 86' lang='lat' dir='ltr'><strong>quamquam,</strong></span> 
     </span>
     <span class='ocr_line' id='line_1_18' title="bbox 406 2161 2413 2256; baseline 0.001 -24"><span class='ocrx_word' id='word_1_122' title='bbox 406 2187 576 2254; x_wconf 85' lang='lat' dir='ltr'><strong>quae</strong></span> <span class='ocrx_word' id='word_1_123' title='bbox 605 2161 955 2234; x_wconf 82' lang='lat' dir='ltr'><strong>verborum</strong></span> <span class='ocrx_word' id='word_1_124' title='bbox 986 2168 1595 2255; x_wconf 83' lang='lat' dir='ltr'><strong>sententiarumque</strong></span> <span class='ocrx_word' id='word_1_125' title='bbox 1616 2171 1963 2256; x_wconf 83' lang='lat' dir='ltr'><strong>praecepta</strong></span> <span class='ocrx_word' id='word_1_126' title='bbox 1992 2178 2165 2250; x_wconf 89' lang='lat' dir='ltr'><strong>sunt,</strong></span> <span class='ocrx_word' id='word_1_127' title='bbox 2186 2170 2413 2235; x_wconf 86' lang='lat' dir='ltr'><strong>eadem</strong></span> 
     </span>
    </p>

    <p class='ocr_par' dir='ltr' id='par_1_5' title="bbox 272 2267 2481 3187">
     <span class='ocr_line' id='line_1_19' title="bbox 272 2267 2415 2358; baseline 0.003 -27"><span class='ocrx_word' id='word_1_128' title='bbox 272 2279 386 2333; x_wconf 89' lang='grc'><strong>133</strong></span> <span class='ocrx_word' id='word_1_129' title='bbox 406 2267 488 2335; x_wconf 88' lang='lat' dir='ltr'><strong>ad</strong></span> <span class='ocrx_word' id='word_1_130' title='bbox 517 2290 886 2336; x_wconf 87' lang='lat' dir='ltr'><strong>sermonem</strong></span> <span class='ocrx_word' id='word_1_131' title='bbox 909 2271 1357 2358; x_wconf 89' lang='lat' dir='ltr'><strong>pertinebunt.</strong></span> <span class='ocrx_word' id='word_1_132' title='bbox 1447 2271 1576 2338; x_wconf 87' lang='lat' dir='ltr'><strong>Sed</strong></span> <span class='ocrx_word' id='word_1_133' title='bbox 1600 2293 1757 2338; x_wconf 89' lang='lat' dir='ltr'><strong>cum</strong></span> <span class='ocrx_word' id='word_1_134' title='bbox 1784 2271 2096 2337; x_wconf 84' lang='lat' dir='ltr'><strong>orationis</strong></span> <span class='ocrx_word' id='word_1_135' title='bbox 2125 2272 2415 2339; x_wconf 89' lang='lat' dir='ltr'><strong>indicem</strong></span> 
     </span>
     <span class='ocr_line' id='line_1_20' title="bbox 404 2372 2415 2461; baseline 0.001 -23"><span class='ocrx_word' id='word_1_136' title='bbox 404 2393 636 2439; x_wconf 83' lang='lat' dir='ltr'><strong>vocem</strong></span> <span class='ocrx_word' id='word_1_137' title='bbox 667 2372 1038 2458; x_wconf 83' lang='lat' dir='ltr'><strong>habeamus,</strong></span> <span class='ocrx_word' id='word_1_138' title='bbox 1059 2376 1129 2440; x_wconf 92' lang='lat' dir='ltr'><strong>in</strong></span> <span class='ocrx_word' id='word_1_139' title='bbox 1156 2396 1315 2441; x_wconf 89' lang='lat' dir='ltr'><strong>voce</strong></span> <span class='ocrx_word' id='word_1_140' title='bbox 1343 2382 1567 2441; x_wconf 90' lang='lat' dir='ltr'><strong>autem</strong></span> <span class='ocrx_word' id='word_1_141' title='bbox 1588 2374 1721 2440; x_wconf 89' lang='lat' dir='ltr'><strong>duo</strong></span> <span class='ocrx_word' id='word_1_142' title='bbox 1750 2395 2121 2461; x_wconf 87' lang='lat' dir='ltr'><strong>sequamur,</strong></span> <span class='ocrx_word' id='word_1_143' title='bbox 2142 2383 2218 2447; x_wconf 86' lang='lat' dir='ltr'><strong>ut</strong></span> <span class='ocrx_word' id='word_1_144' title='bbox 2246 2375 2415 2442; x_wconf 86' lang='lat' dir='ltr'><strong>clara</strong></span> 
     </span>
     <span class='ocr_line' id='line_1_21' title="bbox 402 2475 2481 2565; baseline 0 -24"><span class='ocrx_word' id='word_1_145' title='bbox 402 2475 509 2560; x_wconf 89' lang='lat' dir='ltr'><strong>sit,</strong></span> <span class='ocrx_word' id='word_1_146' title='bbox 525 2484 604 2544; x_wconf 89' lang='lat' dir='ltr'><strong>ut</strong></span> <span class='ocrx_word' id='word_1_147' title='bbox 625 2478 864 2562; x_wconf 85' lang='lat' dir='ltr'><strong>suavis,</strong></span> <span class='ocrx_word' id='word_1_148' title='bbox 883 2486 1241 2565; x_wconf 88' lang='lat' dir='ltr'><strong>utrumque</strong></span> <span class='ocrx_word' id='word_1_149' title='bbox 1269 2478 1542 2545; x_wconf 89' lang='lat' dir='ltr'><strong>omnino</strong></span> <span class='ocrx_word' id='word_1_150' title='bbox 1571 2500 1610 2542; x_wconf 82' lang='lat' dir='ltr'><strong>a</strong></span> <span class='ocrx_word' id='word_1_151' title='bbox 1638 2484 1871 2542; x_wconf 84' lang='lat' dir='ltr'><strong>natura</strong></span> <span class='ocrx_word' id='word_1_152' title='bbox 1893 2478 2265 2564; x_wconf 88' lang='lat' dir='ltr'><strong>petundum</strong></span> <span class='ocrx_word' id='word_1_153' title='bbox 2293 2488 2411 2562; x_wconf 88' lang='lat' dir='ltr'><strong>est,</strong></span> <span class='ocrx_word' id='word_1_154' title='bbox 2429 2501 2481 2543; x_wconf 70' lang='lat' dir='ltr'><strong>so</strong></span> 
     </span>
     <span class='ocr_line' id='line_1_22' title="bbox 402 2579 2413 2666; baseline 0.002 -22"><span class='ocrx_word' id='word_1_155' title='bbox 402 2600 635 2646; x_wconf 81' lang='lat' dir='ltr'><strong>verum</strong></span> <span class='ocrx_word' id='word_1_156' title='bbox 692 2580 973 2647; x_wconf 85' lang='lat' dir='ltr'><strong>alterum</strong></span> <span class='ocrx_word' id='word_1_157' title='bbox 1029 2581 1413 2649; x_wconf 85' lang='lat' dir='ltr'><strong>exercitatio</strong></span> <span class='ocrx_word' id='word_1_158' title='bbox 1471 2580 1758 2666; x_wconf 87' lang='lat' dir='ltr'><strong>augebit,</strong></span> <span class='ocrx_word' id='word_1_159' title='bbox 1794 2579 2073 2645; x_wconf 83' lang='lat' dir='ltr'><strong>alterum</strong></span> <span class='ocrx_word' id='word_1_160' title='bbox 2126 2580 2413 2648; x_wconf 83' lang='lat' dir='ltr'><strong>imitatio</strong></span> 
     </span>
     <span class='ocr_line' id='line_1_23' title="bbox 401 2681 2411 2770; baseline 0.001 -23"><span class='ocrx_word' id='word_1_161' title='bbox 401 2688 619 2769; x_wconf 83' lang='lat' dir='ltr'><strong>pre&#39;sse</strong></span> <span class='ocrx_word' id='word_1_162' title='bbox 648 2683 1062 2770; x_wconf 86' lang='lat' dir='ltr'><strong>loquentium</strong></span> <span class='ocrx_word' id='word_1_163' title='bbox 1099 2691 1167 2750; x_wconf 90' lang='lat' dir='ltr'><strong>et</strong></span> <span class='ocrx_word' id='word_1_164' title='bbox 1196 2683 1453 2750; x_wconf 88' lang='lat' dir='ltr'><strong>leniter.</strong></span> <span class='ocrx_word' id='word_1_165' title='bbox 1542 2683 1735 2748; x_wconf 87' lang='lat' dir='ltr'><strong>Nihil</strong></span> <span class='ocrx_word' id='word_1_166' title='bbox 1765 2681 2006 2748; x_wconf 78' lang='lat' dir='ltr'><strong>fuitin</strong></span> <span class='ocrx_word' id='word_1_167' title='bbox 2039 2682 2321 2766; x_wconf 81' lang='lat' dir='ltr'><strong>Catulis,</strong></span> <span class='ocrx_word' id='word_1_168' title='bbox 2335 2692 2411 2749; x_wconf 89' lang='lat' dir='ltr'><strong>ut</strong></span> 
     </span>
     <span class='ocr_line' id='line_1_24' title="bbox 401 2784 2411 2874; baseline 0.002 -26"><span class='ocrx_word' id='word_1_169' title='bbox 401 2805 511 2849; x_wconf 90' lang='lat' dir='ltr'><strong>eos</strong></span> <span class='ocrx_word' id='word_1_170' title='bbox 541 2786 868 2869; x_wconf 88' lang='lat' dir='ltr'><strong>exquisito</strong></span> <span class='ocrx_word' id='word_1_171' title='bbox 895 2785 1142 2850; x_wconf 88' lang='lat' dir='ltr'><strong>iudicio</strong></span> <span class='ocrx_word' id='word_1_172' title='bbox 1171 2793 1437 2871; x_wconf 85' lang='lat' dir='ltr'><strong>putares</strong></span> <span class='ocrx_word' id='word_1_173' title='bbox 1466 2786 1563 2850; x_wconf 91' lang='lat' dir='ltr'><strong>uti</strong></span> <span class='ocrx_word' id='word_1_174' title='bbox 1598 2784 1986 2868; x_wconf 83' lang='lat' dir='ltr'><strong>litterarum,</strong></span> <span class='ocrx_word' id='word_1_175' title='bbox 2010 2799 2411 2874; x_wconf 81' lang='lat' dir='ltr'><strong>quamquam</strong></span> 
     </span>
     <span class='ocr_line' id='line_1_25' title="bbox 401 2885 2413 2978; baseline 0.003 -29"><span class='ocrx_word' id='word_1_176' title='bbox 401 2893 588 2950; x_wconf 81' lang='lat' dir='ltr'><strong>erant</strong></span> <span class='ocrx_word' id='word_1_177' title='bbox 617 2885 926 2969; x_wconf 84' lang='lat' dir='ltr'><strong>litterati3</strong></span> <span class='ocrx_word' id='word_1_178' title='bbox 971 2886 1084 2952; x_wconf 89' lang='lat' dir='ltr'><strong>sed</strong></span> <span class='ocrx_word' id='word_1_179' title='bbox 1116 2894 1183 2952; x_wconf 91' lang='lat' dir='ltr'><strong>et</strong></span> <span class='ocrx_word' id='word_1_180' title='bbox 1211 2886 1322 2952; x_wconf 85' lang='lat' dir='ltr'><strong>alii</strong></span> <span class='ocrx_word' id='word_1_181' title='bbox 1349 2907 1367 2968; x_wconf 82' lang='lat'>3</span> <span class='ocrx_word' id='word_1_182' title='bbox 1411 2887 1485 2951; x_wconf 90' lang='lat' dir='ltr'><strong>hi</strong></span> <span class='ocrx_word' id='word_1_183' title='bbox 1514 2895 1733 2954; x_wconf 87' lang='lat' dir='ltr'><strong>autem</strong></span> <span class='ocrx_word' id='word_1_184' title='bbox 1767 2889 2018 2974; x_wconf 91' lang='lat' dir='ltr'><strong>optime</strong></span> <span class='ocrx_word' id='word_1_185' title='bbox 2054 2890 2155 2954; x_wconf 88' lang='lat' dir='ltr'><strong>uti</strong></span> <span class='ocrx_word' id='word_1_186' title='bbox 2185 2889 2413 2978; x_wconf 79' lang='lat' dir='ltr'><strong>lingua</strong></span> 
     </span>
     <span class='ocr_line' id='line_1_26' title="bbox 400 2986 2480 3078; baseline 0.002 -27"><span class='ocrx_word' id='word_1_187' title='bbox 400 2986 634 3052; x_wconf 89' lang='lat' dir='ltr'><strong>Latina</strong></span> <span class='ocrx_word' id='word_1_188' title='bbox 683 2989 1122 3074; x_wconf 85' lang='lat' dir='ltr'><strong>putabantur3</strong></span> <span class='ocrx_word' id='word_1_189' title='bbox 1178 3009 1378 3054; x_wconf 88' lang='lat' dir='ltr'><strong>sonus</strong></span> <span class='ocrx_word' id='word_1_190' title='bbox 1428 2997 1569 3055; x_wconf 85' lang='lat' dir='ltr'><strong>erat</strong></span> <span class='ocrx_word' id='word_1_191' title='bbox 1620 2989 1849 3073; x_wconf 73' lang='lat' dir='ltr'><strong>dulciS,</strong></span> <span class='ocrx_word' id='word_1_192' title='bbox 1885 2989 2144 3056; x_wconf 86' lang='lat' dir='ltr'><strong>litterae</strong></span> <span class='ocrx_word' id='word_1_193' title='bbox 2193 3004 2480 3078; x_wconf 66' lang='lat' dir='ltr'><strong>nequens</strong></span> 
     </span>
     <span class='ocr_line' id='line_1_27' title="bbox 399 3087 2411 3187; baseline 0.003 -33"><span class='ocrx_word' id='word_1_194' title='bbox 399 3111 738 3177; x_wconf 86' lang='lat' dir='ltr'><strong>expressae</strong></span> <span class='ocrx_word' id='word_1_195' title='bbox 772 3112 989 3178; x_wconf 89' lang='lat' dir='ltr'><strong>neque</strong></span> <span class='ocrx_word' id='word_1_196' title='bbox 1027 3111 1390 3177; x_wconf 85' lang='lat' dir='ltr'><strong>oppressae,</strong></span> <span class='ocrx_word' id='word_1_197' title='bbox 1422 3112 1509 3157; x_wconf 87' lang='lat' dir='ltr'><strong>ne</strong></span> <span class='ocrx_word' id='word_1_198' title='bbox 1549 3087 1667 3158; x_wconf 78' lang='lat' dir='ltr'><strong>aut</strong></span> <span class='ocrx_word' id='word_1_199' title='bbox 1701 3092 2052 3159; x_wconf 86' lang='lat' dir='ltr'><strong>obscurum</strong></span> <span class='ocrx_word' id='word_1_200' title='bbox 2092 3101 2261 3187; x_wconf 86' lang='lat' dir='ltr'><strong>esset</strong></span> <span class='ocrx_word' id='word_1_201' title='bbox 2296 3101 2411 3160; x_wconf 87' lang='lat' dir='ltr'><strong>aut</strong></span> 
     </span>
    </p>
   </div>
   <div class='ocr_carea' id='block_1_3' title="bbox 397 3174 2719 3282">
    <p class='ocr_par' dir='ltr' id='par_1_6' title="bbox 397 3174 2719 3282">
     <span class='ocr_line' id='line_1_28' title="bbox 397 3174 2719 3282; baseline 0 -24"><span class='ocrx_word' id='word_1_202' title='bbox 397 3192 729 3279; x_wconf 88' lang='lat' dir='ltr'><strong>putidum,</strong></span> <span class='ocrx_word' id='word_1_203' title='bbox 749 3193 890 3258; x_wconf 89' lang='lat' dir='ltr'><strong>siue</strong></span> <span class='ocrx_word' id='word_1_204' title='bbox 919 3193 1340 3260; x_wconf 86' lang='lat' dir='ltr'><strong>contentione</strong></span> <span class='ocrx_word' id='word_1_205' title='bbox 1365 3215 1495 3259; x_wconf 85' lang='lat' dir='ltr'><strong>vox</strong></span> <span class='ocrx_word' id='word_1_206' title='bbox 1518 3215 1639 3260; x_wconf 88' lang='lat' dir='ltr'><strong>nec</strong></span> <span class='ocrx_word' id='word_1_207' title='bbox 1662 3193 1981 3282; x_wconf 85' lang='lat' dir='ltr'><strong>languens</strong></span> <span class='ocrx_word' id='word_1_208' title='bbox 2004 3217 2125 3260; x_wconf 89' lang='lat' dir='ltr'><strong>nec</strong></span> <span class='ocrx_word' id='word_1_209' title='bbox 2155 3216 2407 3278; x_wconf 66' lang='lat' dir='ltr'><strong>canora.</strong></span> <span class='ocrx_word' id='word_1_210' title='bbox 2431 3214 2457 3251; x_wconf 64' lang='lat'><strong>0·</strong></span> <span class='ocrx_word' id='word_1_211' title='bbox 2512 3207 2553 3237; x_wconf 72' lang='lat'><strong>··’</strong></span> <span class='ocrx_word' id='word_1_212' title='bbox 2638 3174 2719 3228; x_wconf 44' lang='lat'><strong>&#39;³⁴</strong></span> 
     </span>
    </p>
   </div>
   <div class='ocr_carea' id='block_1_4' title="bbox 396 3294 2478 3794">
    <p class='ocr_par' dir='ltr' id='par_1_7' title="bbox 396 3294 2478 3794">
     <span class='ocr_line' id='line_1_29' title="bbox 398 3294 2412 3380; baseline 0.001 -18"><span class='ocrx_word' id='word_1_213' title='bbox 398 3295 686 3363; x_wconf 87' lang='lat' dir='ltr'><strong>Uberior</strong></span> <span class='ocrx_word' id='word_1_214' title='bbox 718 3295 930 3363; x_wconf 86' lang='lat' dir='ltr'><strong>oratio</strong></span> <span class='ocrx_word' id='word_1_215' title='bbox 963 3294 1037 3362; x_wconf 87' lang='lat' dir='ltr'><strong>L.</strong></span> <span class='ocrx_word' id='word_1_216' title='bbox 1064 3295 1278 3362; x_wconf 84' lang='lat' dir='ltr'><strong>Crassi</strong></span> <span class='ocrx_word' id='word_1_217' title='bbox 1313 3317 1434 3362; x_wconf 87' lang='lat' dir='ltr'><strong>nec</strong></span> <span class='ocrx_word' id='word_1_218' title='bbox 1468 3296 1689 3362; x_wconf 89' lang='lat' dir='ltr'><strong>minus</strong></span> <span class='ocrx_word' id='word_1_219' title='bbox 1719 3298 1951 3380; x_wconf 82' lang='lat' dir='ltr'><strong>faceta,</strong></span> <span class='ocrx_word' id='word_1_220' title='bbox 1975 3298 2089 3364; x_wconf 91' lang='lat' dir='ltr'><strong>sed</strong></span> <span class='ocrx_word' id='word_1_221' title='bbox 2122 3298 2412 3370; x_wconf 60' lang='lat' dir='ltr'><strong>beneio-</strong></span> 
     </span>
     <span class='ocr_line' id='line_1_30' title="bbox 397 3398 2411 3486; baseline 0.001 -22"><span class='ocrx_word' id='word_1_222' title='bbox 397 3399 644 3485; x_wconf 83' lang='lat' dir='ltr'><strong>qucndi</strong></span> <span class='ocrx_word' id='word_1_223' title='bbox 681 3399 766 3466; x_wconf 87' lang='lat' dir='ltr'><strong>de</strong></span> <span class='ocrx_word' id='word_1_224' title='bbox 792 3398 1048 3466; x_wconf 84' lang='lat' dir='ltr'><strong>Catulis</strong></span> <span class='ocrx_word' id='word_1_225' title='bbox 1082 3399 1308 3486; x_wconf 91' lang='lat' dir='ltr'><strong>opinio</strong></span> <span class='ocrx_word' id='word_1_226' title='bbox 1342 3419 1480 3464; x_wconf 89' lang='lat' dir='ltr'><strong>nou</strong></span> <span class='ocrx_word' id='word_1_227' title='bbox 1517 3400 1751 3465; x_wconf 90' lang='lat' dir='ltr'><strong>minor.</strong></span> <span class='ocrx_word' id='word_1_228' title='bbox 1842 3401 1993 3467; x_wconf 85' lang='lat' dir='ltr'><strong>Sale</strong></span> <span class='ocrx_word' id='word_1_229' title='bbox 2026 3419 2186 3468; x_wconf 83' lang='lat' dir='ltr'><strong>vero</strong></span> <span class='ocrx_word' id='word_1_230' title='bbox 2220 3409 2288 3468; x_wconf 91' lang='lat' dir='ltr'><strong>et</strong></span> <span class='ocrx_word' id='word_1_231' title='bbox 2317 3401 2411 3467; x_wconf 85' lang='lat' dir='ltr'><strong>fa-</strong></span> 
     </span>
     <span class='ocr_line' id='line_1_31' title="bbox 398 3500 2478 3589; baseline 0.001 -23"><span class='ocrx_word' id='word_1_232' title='bbox 398 3501 584 3567; x_wconf 89' lang='lat' dir='ltr'><strong>cetiis</strong></span> <span class='ocrx_word' id='word_1_233' title='bbox 613 3502 870 3587; x_wconf 79' lang='lat' dir='ltr'><strong>Caesar,</strong></span> <span class='ocrx_word' id='word_1_234' title='bbox 885 3500 1106 3568; x_wconf 84' lang='lat' dir='ltr'><strong>Catuli</strong></span> <span class='ocrx_word' id='word_1_235' title='bbox 1136 3501 1341 3589; x_wconf 85' lang='lat' dir='ltr'><strong>patris</strong></span> <span class='ocrx_word' id='word_1_236' title='bbox 1369 3500 1596 3584; x_wconf 84' lang='lat' dir='ltr'><strong>frater,</strong></span> <span class='ocrx_word' id='word_1_237' title='bbox 1621 3501 1783 3568; x_wconf 87' lang='lat' dir='ltr'><strong>vicit</strong></span> <span class='ocrx_word' id='word_1_238' title='bbox 1811 3523 2063 3588; x_wconf 88' lang='lat' dir='ltr'><strong>omnes,</strong></span> <span class='ocrx_word' id='word_1_239' title='bbox 2087 3512 2164 3569; x_wconf 92' lang='lat' dir='ltr'><strong>ut</strong></span> <span class='ocrx_word' id='word_1_240' title='bbox 2193 3505 2261 3569; x_wconf 89' lang='lat' dir='ltr'><strong>in</strong></span> <span class='ocrx_word' id='word_1_241' title='bbox 2293 3504 2478 3570; x_wconf 70' lang='lat' dir='ltr'><strong>illoao</strong></span> 
     </span>
     <span class='ocr_line' id='line_1_32' title="bbox 396 3603 2409 3692; baseline 0.001 -26"><span class='ocrx_word' id='word_1_242' title='bbox 396 3603 540 3691; x_wconf 89' lang='lat' dir='ltr'><strong>ipso</strong></span> <span class='ocrx_word' id='word_1_243' title='bbox 579 3603 831 3672; x_wconf 70' lang='lat' dir='ltr'><strong>forensi⁴</strong></span> <span class='ocrx_word' id='word_1_244' title='bbox 869 3626 1112 3692; x_wconf 87' lang='lat' dir='ltr'><strong>genere</strong></span> <span class='ocrx_word' id='word_1_245' title='bbox 1148 3604 1414 3671; x_wconf 87' lang='lat' dir='ltr'><strong>dicendi</strong></span> <span class='ocrx_word' id='word_1_246' title='bbox 1458 3606 1917 3671; x_wconf 86' lang='lat' dir='ltr'><strong>contentiones</strong></span> <span class='ocrx_word' id='word_1_247' title='bbox 1959 3606 2241 3672; x_wconf 84' lang='lat' dir='ltr'><strong>aliorum</strong></span> <span class='ocrx_word' id='word_1_248' title='bbox 2284 3626 2409 3670; x_wconf 52' lang='lat' dir='ltr'><strong>sere</strong></span> 
     </span>
     <span class='ocr_line' id='line_1_33' title="bbox 396 3704 2406 3794; baseline 0 -23"><span class='ocrx_word' id='word_1_249' title='bbox 396 3723 596 3772; x_wconf 85' lang='lat' dir='ltr'><strong>mone</strong></span> <span class='ocrx_word' id='word_1_250' title='bbox 637 3707 949 3774; x_wconf 86' lang='lat' dir='ltr'><strong>vinceret.</strong></span> <span class='ocrx_word' id='word_1_251' title='bbox 1036 3705 1134 3772; x_wconf 89' lang='lat' dir='ltr'><strong>In.</strong></span> <span class='ocrx_word' id='word_1_252' title='bbox 1171 3706 1741 3794; x_wconf 75' lang='lat' dir='ltr'><strong>omnibusigitur</strong></span> <span class='ocrx_word' id='word_1_253' title='bbox 1781 3704 1887 3772; x_wconf 90' lang='lat' dir='ltr'><strong>his</strong></span> <span class='ocrx_word' id='word_1_254' title='bbox 1936 3705 2406 3774; x_wconf 82' lang='lat' dir='ltr'><strong>elaborandum</strong></span> 
     </span>
    </p>
   </div>
  </div>
 </body>
</html>
