2867 4334
1002 396 1141 450 ΠΒ.
1178 397 1262 450 Π..
1323 395 1483 450 CAP.
1514 394 1631 450 4-6.
1701 393 1732 458 5
1767 395 1940 448 14-19.
2388 396 2473 462 85·

456 547 781 640 quaedam
803 544 1148 613 hominum
1174 567 1418 634 genera
1446 567 1587 612 esse
1607 551 2014 632 consumpta,
2035 545 2273 612 deinde
2296 567 2475 612 com-

457 657 942 741 parat,'quanto
971 650 1192 737 plures
1227 648 1430 715 deleti
1466 650 1601 715 sint
1634 648 1937 715 homines
1969 648 2320 714 hominum
2354 649 2475 713 im·

457 762 640 845 petu,
671 754 743 820 id
778 761 878 820 est
916 752 1102 820 bellis
1137 759 1252 818 aut
1285 751 1739 836 seditionibus,
1764 773 1964 840 quam
1999 753 2185 818 omni
2220 750 2479 840 reliqua.

459 857 848 924 calamitate.

415 977 446 1018 δ
547 959 720 1026 Cum
755 959 962 1046 igitur
994 956 1105 1025 hic
1139 957 1322 1024 locus
1355 956 1527 1022 nihil
1560 957 1797 1044 habeat
1830 957 2279 1040 dubitationis,
2310 958 2473 1047 quin
2492 959 2565 1020 17

460 1061 760 1128 homines
788 1060 1154 1148 plurimum
1182 1059 1567 1126 hominibus
1596 1067 1664 1125 et
1693 1060 1947 1146 prosint
1976 1067 2044 1126 et
2074 1059 2311 1143 obsint,
2332 1083 2476 1148 pro-

460 1165 682 1251 prium
710 1163 837 1229 hoc
869 1170 1088 1229 statuo
1122 1183 1262 1229 esse
1293 1162 1578 1244 virtutis,
1601 1160 1949 1228 conciliare
1984 1162 2237 1228 animos
2265 1162 2473 1228 homi-

461 1288 626 1331 num
655 1273 723 1332 et
753 1265 836 1331 ad
866 1286 1020 1331 usus
1054 1286 1203 1332 suos
1238 1264 1613 1352 adiungere.
1702 1262 1957 1351 Itaque,
1982 1286 2149 1351 quae
2178 1264 2249 1328 in
2280 1265 2477 1331 rebus

462 1366 775 1433 inanimis
808 1389 1107 1454 quaeque
1140 1368 1220 1453 in*
1248 1389 1373 1434 usu
1407 1375 1477 1433 et
1508 1366 1893 1433 tractatione
1928 1367 2269 1433 beluarum
2302 1365 2477 1433 fiunt

396 1490 449 1534 ιο
465 1468 720 1535 utiliter
753 1469 832 1536 ad
871 1469 1216 1537 hominum
1253 1470 1481 1553 vitam,
1512 1469 1763 1535 artibus
1802 1473 1877 1536 e'a
1913 1470 2297 1536 tribuuntur
2329 1491 2479 1556 ope·

464 1572 648 1657 rosis,
685 1572 1032 1640 hominum
1075 1581 1298 1638 autem
1344 1572 1563 1638 studia
1612 1573 1697 1638 ad
1740 1571 2319 1660 amplificationem
2363 1595 2481 1639 no·

432 1670 745 1742 'strarum
789 1698 1010 1742 rerum
1045 1684 1356 1764 prompta
1397 1696 1474 1742 ac
1516 1682 1741 1764 parata
1787 1677 2107 1760 [virorum
2154 1683 2477 1763 praestan·

463 1778 662 1864 tium]
708 1779 1032 1866 sapientia
1073 1785 1142 1844 et
1185 1779 1434 1845 virtute
1478 1779 1867 1845 excitantur.
1953 1777 2223 1844 Etenim
2267 1779 2479 1844 vlrtus
2497 1787 2575 1842 18

465 1882 681 1947 omnis
715 1881 983 1968 tribus
961 1903 1034 1946 1n
1064 1881 1261 1947 rebus
1294 1880 1439 1947 fere
1469 1881 1770 1964 vertitur,
1794 1902 2071 1968 quarum
2109 1903 2242 1947 una
2274 1889 2373 1948 est
2407 1882 2476 1946 in

397 2007 450 2052 15
465 1964 942 2072 perspiciendo,
980 1983 1144 2070 quid
1186 1983 1256 2049 in
1303 2005 1565 2071 quaque
1616 2005 1687 2049 re
1737 2005 1969 2049 verum
2020 1984 2483 2073 sincerumque

467 2086 572 2170 sit,
593 2086 755 2173 quid
783 2093 1298 2153 consentaneum
1327 2086 1587 2174 cuique,
1607 2086 1767 2174 quid
1791 2107 2215 2174 conseqnem,
2235 2109 2318 2152 ex
2347 2107 2482 2174 quo

467 2209 770 2277 quaeque.
795 2189 1175 2276 gignantur,
1195 2210 1363 2276 quae
1391 2189 1709 2277 cuiusque
1731 2189 1827 2254 rei
1858 2211 2049 2255 causa
2076 2189 2180 2272 sit,
2200 2189 2481 2255 alterum

467 2290 772 2358 cohibere
802 2301 1022 2357 motus
1049 2292 1254 2357 animi
1283 2293 1597 2374 turbatos,
1618 2313 1784 2378 quos
1812 2291 2049 2358 Graeci
2076 2291 2248 2370 πάθη
2278 2291 2486 2358 nomi-

470 2400 652 2478 nant,
683 2395 1271 2482 appetitionesque,
1281 2415 1464 2513 'quas
1502 2394 1602 2458 illi
1639 2397 1867 2480 ὁρμάς,
1896 2393 2316 2460 oboedientes
2355 2393 2485 2458 effi-

401 2518 616 2565 nocere
660 2497 921 2581 rationi,
958 2497 1232 2564 tertium
1275 2497 1378 2580 iis,
1410 2497 1804 2583 quibuscum
1848 2515 2347 2582 congregemur,
2384 2497 2487 2561 uti

469 2599 805 2666 moderate
847 2608 918 2666 et
959 2601 1262 2682 scienter,
1299 2619 1583 2685 quorum
1626 2597 1861 2664 studiis
1910 2619 2005 2680 ea,
2042 2618 2211 2684 quae
2253 2603 2489 2663 natura

469 2702 816 2787 desiderat,
846 2702 1110 2790 expleta
1145 2701 1607 2788 cumulataque
1641 2701 2015 2784 liabeamuS‚
2048 2721 2169 2788 per
2202 2699 2489 2767 eosdem-

465 2826 622 2892 que,
644 2807 701 2870 si
736 2805 947 2892 quid
927 2812 1144 2894 1mpor
1147 2813 1323 2872 tetur
1356 2805 1549 2871 nobis
1582 2805 2004 2888 incommodi,
2029 2803 2489 2892 propulsemus

472 2905 993 2995 ulciscamurque
1032 2930 1162 2993 οοε,
1195 2909 1312 2998 qui
1347 2929 1582 2975 nocere
1614 2909 1807 2976 nobis
1846 2907 2064 2975 conati
2100 2908 2252 2990 sint,
2283 2913 2491 2974 tanta-

403 3029 606 3096 ssque
633 3031 848 3096 poena
882 3009 1282 3094 adficiamuS,
1306 3018 1621 3098 quantam
1655 3011 1953 3098 aequitas
1985 3009 2489 3098 humanitasque
2526 3068 2567 3137 6

471 3113 744 3199 patitur.
834 3113 1097 3192 Quibus
1129 3119 1352 3179 autem
1382 3113 1745 3180 rationibus
1774 3113 1944 3180 hanc
1976 3113 2364 3180 facultatem
2397 3133 2490 3178 as·
2511 3159 2585 3214 19

472 3215 662 3302 sequi
680 3216 1024 3307 possimuS‚
1044 3222 1120 3281 ut
1138 3215 1483 3282 hominum
1508 3215 1726 3282 studia
1748 3213 2262 3304 complectamur
2283 3234 2491 3300 eaque

474 3323 836 3400 teneamuS,
856 3317 1170 3401 dicemuS,
1186 3338 1401 3405 neque
1422 3319 1517 3384 ita
1538 3317 1753 3384 multo
1776 3326 1943 3405 post,
1965 3316 2079 3382 sed
2103 3335 2309 3403 pauca
2336 3321 2492 3380 aute

476 3416 754 3482 dicenda
787 3425 960 3483 sunt.
1045 3417 1364 3507 Magnam
1396 3420 1534 3485 vim
1571 3441 1710 3486 esse
1743 3419 1814 3484 in
1844 3419 2115 3485 fortuna
2148 3416 2220 3481 in
2252 3421 2493 3480 utram-

408 3539 610 3605 soque
653 3525 930 3607 partem,
952 3520 1061 3587 vel
1095 3522 1410 3588 secundas
1453 3521 1536 3587 ad
1573 3542 1677 3586 res
1722 3520 1827 3585 vel
1863 3520 2185 3600 adversas,
2218 3517 2364 3604 quis
2398 3517 2493 3604 ig-

475 3621 712 3688 norat?
797 3620 978 3688 Nam
1021 3631 1110 3706 et,
1145 3646 1300 3692 cum
1341 3642 1659 3710 prospero
1700 3619 1863 3686 flatu
1913 3621 2055 3686 eius
2097 3621 2369 3704 utimur,
2408 3621 2493 3686 ad

475 3723 695 3792 exitus
727 3724 1156 3813 pervehimur
1196 3728 1455 3814 optatos
1497 3730 1585 3808 et,
1616 3745 1769 3790 cum
1808 3722 2085 3808 reflavit,
2117 3721 2491 3810 affligimur.
