2867 4334
468 389 560 454 42
698 406 704 414 -
1253 383 1356 439 nn
1397 383 1705 439 omme

471 535 589 604 sed
633 536 834 604 etiam
867 533 1076 603 vitam
1115 534 1527 624 profundere
1571 558 1693 624 pro
1738 535 1949 624 patria
1992 538 2207 625 parati
2250 539 2491 623 essent,

231 643 313 700 ἴω(
360 665 370 680 ·
467 645 676 710 iidem
732 644 980 732 gloriae
1037 643 1355 711 iacturam
1409 666 1494 710 ne
1545 645 1891 714 minimam
1949 645 2220 732 quidem
2273 647 2493 712 facere

472 746 742 831 vellent,
771 769 860 813 ne
890 739 960 813 re
989 719 1252 835 puffica
1281 747 1551 835 quidem
1583 747 1993 834 postulante3
2025 756 2103 813 ut
2134 747 2495 824 Callicrati·

471 849 608 932 das,
649 850 766 936 qui
813 871 964 916 cum
1001 841 1668 918 Lacedaemoniorum
1712 850 1851 915 dux
1894 850 2129 918 ‚fuisset
2164 851 2493 940 Pelopon»

473 953 729 1019 nesiaco
772 953 948 1020 bello
995 953 1334 1041 multaque
1377 954 1643 1020 fecisset
1686 953 1973 1040 egregie,
2012 956 2215 1020 vertit
2258 955 2343 1021 ad
2384 979 2563 1022 ex-·5

473 1057 1048 1140 tremum-omnia,
1093 1078 1270 1123 cum·
1303 1056 1579 1124 consilio
1622 1078 1756 1122 non
1808 1058 2029 1143 paruit
2078 1079 2329 1142 eorum,
2374 1059 2494 1146 qui

473 1158 744 1224 classem
779 1159 862 1224 ab
891 1159 1254 1246 Arginusis
1279 1159 1750 1226 removendam
1785 1180 1909 1225 nec
1942 1181 2096 1225 cum
2127 1161 2494 1227 Athenien-

473 1261 652 1328 sibus
681 1252 1130 1328 dimicandum
1155 1255 1478 1350 putabant
1492 1283 1510 1344 ;
1541 1261 1917 1348 quibusille
1939 1262 2281 1349 respondit
2302 1263 2493 1330 Lace-

475 1364 852 1432 daemonios
899 1363 1104 1431 classe
1161 1364 1278 1430 illa
1333 1366 1571 1431 amissa
1628 1364 1820 1430 aliam
1879 1386 2109 1452 parare
2166 1386 2375 1452 posse,
2422 1389 2492 1433 se

378 1493 384 1500 ·
473 1467 712 1556 fugere
740 1468 882 1534 sine
915 1489 1034 1533 suo
1063 1467 1384 1536 dedecore
1419 1489 1553 1534 non
1588 1486 1799 1554 posse.
1889 1468 2121 1554 Atque
2156 1467 2319 1558 lgaec
2352 1470 2562 1555 qui-10

475 1571 631 1638 dem
653 1570 1189 1636 Lacedaemoniis
1217 1570 1410 1657 plaga
1440 1569 1807 1653 mediocris,
1832 1569 1945 1635 illa
1974 1559 2309 1657 pestifera,
2339 1589 2489 1657 qua,

471 1697 631 1742 cum
677 1673 1140 1740 Cleombrotus
1185 1658 1509 1738 inridiam
1554 1672 1799 1738 timens
1851 1681 2099 1740 temere
2146 1695 2295 1740 cum
2326 1673 2495 1760 Epa-

476 1776 796 1843 minonda
855 1774 1274 1857 conflixisset,
1335 1773 2003 1842 Lacedaemoniorum
2063 1798 2221 1863 opes
2278 1797 2495 1843 corru-
2549 1835 2563 1844 ,

268 1877 318 1945 (Γι
350 1879 362 1932 ’ἶ
479 1885 694 1946 erunt.
782 1878 1052 1957 Quanto
1084 1878 1167 1956 Q.
1197 1876 1536 1959 Maximus
1570 1878 1847 1945 melius!
1886 1879 1971 1944 de
2000 1900 2133 1965 quo
2162 1879 2461 1946 Ennius:

489 1979 539 1989 s
763 1997 924 2072 Unus
945 1997 1118 2053 homo
1141 1995 1307 2051 nobis
1331 1997 1652 2063 cunctando
1676 1997 1923 2072 restituit
1946 2014 2079 2054 rem.
2186 2029 2193 2032 -
2509 2001 2562 2058 1'5

539 2079 646 2120 *¹²⁷*
717 2085 741 2112 ³
763 2085 1025 2139 Noenum
1048 2099 1300 2139 rumores
1325 2073 1577 2156 ponebat
1600 2089 1731 2140 ante
1752 2087 2005 2143 salutem.

761 2173 917 2243 Ergo
937 2175 1182 2244 postque
1207 2172 1499 2244 magisque
1523 2172 1636 2234 viri
1654 2186 1807 2231 nunc
1828 2171 2011 2243 gloria
2034 2174 2224 2229 claret.

479 2277 678 2356 Quod
707 2298 917 2364 genus
947 2277 1265 2365 peccandi
1297 2277 1647 2343 vitandum
1682 2276 2018 2343 est'etiam
2052 2277 2121 2341 in
2160 2277 2355 2343 rebus
2388 2299 2495 2343 ur-

479 2381 692 2447 banis.
779 2380 956 2446 Sunt
1001 2381 1201 2465 enim,
1239 2381 1377 2469 qui,
1416 2381 1596 2468 quod
1642 2379 1958 2462 sentiunt,
1997 2379 2121 2446 etsi
2165 2380 2493 2467 optimum

479 2485 585 2568 sit,
617 2491 839 2550 tamen
868 2483 1162 2550 invidiae
1189 2491 1374 2550 metu
1403 2482 1817 2549 nona-udent
1848 2481 2085 2548 dicere.
2444 2493 2448 2497 '
2509 2511 2563 2552 πο

381 2554 468 2698 ἐξ
569 2587 864 2653 Omnino
899 2587 1016 2674 qui
1059 2587 1156 2652 rei
1200 2586 1505 2674 publicae
1548 2584 1920 2674 praefuturi
1964 2592 2138 2665 sunt,
2170 2583 2303 2649 duo
2347 2583 2493 2651 Pla-

479 2689 655 2754 tonis
702 2696 1054 2775 praecepta
1102 2695 1390 2769 teneant,
1435 2709 1666 2769 unum,
1704 2695 1780 2752 ut
1832 2686 2188 2752 utilitatem
2242 2687 2492 2752 civium

433 2801 438 2806 ”
476 2791 572 2856 sic
609 2796 941 2872 tueantur,
975 2793 1072 2871 ut,
1110 2791 1563 2876 quaecumque
1606 2797 1834 2876 agunt,
1882 2790 1964 2855 ad
2008 2811 2153 2855 eam
2198 2788 2492 2854 referant

470 2892 670 2964 >obliti
705 2891 1199 2958 commodorum
1233 2913 1524 2975 suornm,
1554 2891 1857 2975 alterum,
1887 2900 1966 2957 ut
2003 2900 2219 2968 totum
2253 2913 2491 2979 corpus

469 2995 575 3060 -rei
609 2992 916 3081 publicae
949 3000 1203 3076 curent,
1239 3014 1346 3077 ne,
1383 2994 1545 3059 dum
1580 3001 1835 3080 partem
1872 2994 2159 3081 aliquam
2197 3001 2563 3075 tuentum&

463 3096 774 3182 ÷reliquas·
807 3096 1131 3162 deserant.
1218 3095 1318 3162 Ut
1345 3097 1543 3162 enim
1590 3096 1812 3184 tutela,
1844 3097 1937 3164 sic
1981 3097 2351 3183 procuratio
2394 3097 2491 3162 rei

475 3195 778 3290 *publicae
821 3200 905 3265 ad
941 3219 1168 3266 eorum
1213 3198 1592 3283 utilitatem,
1624 3200 1741 3286 qui
1778 3200 2104 3266 commissi
2140 3207 2318 3284 sunt,
2354 3220 2488 3265 non

475 3304 556 3370 ad
589 3324 838 3386 eorum,
862 3302 1102 3390 quibus
1131 3302 1476 3368 commissa
1504 3310 1620 3385 est,
1644 3302 1933 3388 gerenda
1955 3310 2091 3384 est3
2122 3303 2237 3389 qui
2266 3309 2489 3368 autem

475 3407 649 3494 parti
685 3406 930 3472 civium
969 3405 1338 3489 consulunt,
1375 3414 1633 3492 partem
1678 3404 2063 3492 neglegunt,
2095 3427 2237 3472 rem
2274 3405 2491 3492 perni-

475 3509 902 3584 ciosissimam
951 3509 1026 3572 in
1077 3508 1417 3575 civitatem
1464 3507 1813 3591 inducunt,
1851 3507 2247 3576 seditionem
2290 3515 2561 3592 atquem

475 3611 897 3695 discordiam3
925 3633 1009 3677 ex
1032 3632 1166 3699 quo
1189 3611 1432 3695 evenit,
1453 3620 1530 3676 ut
1552 3609 1666 3675 alii
1690 3609 2056 3697 populareS,
2077 3610 2189 3675 alii
2211 3608 2490 3675 studiosi

383 3729 458 3786 86
477 3713 714 3800 optimi
750 3713 1064 3802 cuiusque
1099 3695 1475 3796 videantur,
1510 3712 1705 3800 pauci
1736 3709 2217 3777 universorum.
2304 3707 2491 3776 Hinc
