2867 4334
411 413 414 416 ⁴
423 391 509 454 20
949 427 956 432 .
1199 385 1302 436 DE
1347 383 1654 438 omens

417 535 746 624 impetum
775 537 848 602 in
885 535 1265 624 quempiam
1301 535 1467 602 facit
1500 542 1616 602 ant
1651 536 1748 602 ira
1782 543 1899 603 aut
1932 536 2153 625 aliqua
2186 547 2435 624 pertur-

421 641 686 706 batione
719 640 1050 721 incitatnS,
1081 639 1138 704 is
1166 639 1352 724 quasi
1387 659 1621 704 manus
1650 638 1901 706 afferre·
1922 640 2190 718 videtur
2224 641 2437 724 socio;

421 741 538 828 qui
567 749 784 807 autem
817 763 951 808 non
983 740 1285 807 defendit
1313 761 1437 808 nec
1466 741 1743 825 obsistit,
1774 743 1831 806 si
1865 749 2105 830 potest,
2134 743 2435 826 iniuriae,

420 851 556 910 tam
593 844 792 910 estin
826 844 1013 928 vitio,
1045 864 1243 930 quam
1281 843 1337 909 si
1371 851 1677 930 parentes
1720 853 1837 910 aut
1882 847 2123 912 amicos
2168 855 2284 912 aut
2331 869 2439 935 pa·

325 958 402 1012 24
421 946 615 1012 triam
642 947 921 1013 deserat.
1008 946 1242 1044 Atque
1277 944 1429 1011 illae
1466 946 1737 1033 quidem
1782 947 2083 1031 iniuriae,
2114 969 2283 1035 quae
2327 971 2439 1016 no·
2478 972 2507 1011 s

41 1053 52 1073 ⁸
210 1071 243 1096 2·
285 1067 336 1138 fs
371 1048 614 1114 -vcendi
643 1069 838 1115 causa
865 1047 1310 1134 dgindustria
1343 1048 1749 1132 inferuntur,
1780 1069 1973 1136 saepe
2001 1073 2040 1115 a
2068 1059 2251 1116 metu
2290 1073 2439 1138 pro-

418 1149 820 1235 ficiscuntur,
853 1148 1006 1218 cum
1035 1152 1110 1234 18,
1142 1151 1258 1236 qui
1288 1172 1527 1217 nocere
1554 1151 1746 1219 alteri
1774 1153 2041 1239 cogitat,
2073 1153 2284 1236 timet,
2330 1175 2435 1236 ne,

418 1253 548 1320 nisi
576 1253 647 1319 id
676 1254 1087 1342 fecerit,ipse
1117 1253 1338 1340 aliquo
1368 1253 1687 1320 afficiatur
1708 1255 2149 1322 incommode.
2229 1255 2439 1321 Maxi-

419 1353 597 1422 mam
648 1365 870 1423 autcm
915 1366 1174 1444 partem
1225 1358 1309 1421 ad
1354 1357 1665 1422 iniuriam
1718 1357 2093 1423 faciendam
2144 1358 2439 1445 adgredi-

419 1467 644 1543 untur,
673 1468 752 1526 ut
783 1460 1230 1546 adipiscantur
1258 1481 1352 1541 ea,
1384 1481 1553 1546 quae
1584 1459 2109 1547 concupiverunt
2134 1482 2153 1545 3
2198 1462 2269 1527 in
2306 1483 2437 1548 quo
2456 1480 2508 1522 ιο

411 1562 588 1628 vitio
617 1562 932 1629 latissime
954 1569 1140 1649 patet
1167 1562 1461 1627 avaritia.

420 1685 424 1690 ·
507 1664 933 1752 Expetuntur
967 1672 1190 1730 autem
1225 1664 1499 1730 divitiae
1530 1686 1682 1730 cum
1718 1665 1801 1730 ad
1830 1687 1989 1731 usus
2017 1667 2195 1732 vitae
2225 1689 2440 1733 neces-

419 1768 643 1851 sarios,
666 1776 812 1834 tum
835 1767 916 1833 ad
939 1767 1373 1854 perfruendas
1395 1767 1787 1884 voluptates.
1848 1767 1931 1833 In
1956 1769 2196 1854 quibus
2217 1778 2438 1836 autem

185 1853 223 1935 tl
420 1869 632 1935 maior
660 1878 760 1936 est
790 1871 1067 1953 animus,
1099 1870 1168 1934 in
1205 1870 1287 1934 iis
1329 1869 1649 1958 pecuniae
1692 1871 2016 1958 cupiditas
2061 1881 2312 1960 spectat
2355 1875 2439 1940 ad

421 1991 581 2058 opes
631 1979 700 2037 et
745 1972 829 2038 ad
873 1971 1289 2060 gratificandi
1327 1973 1736 2056 facultatem,
1778 1980 1855 2038 ut
1892 1995 2104 2060 nuper
2132 1974 2228 2040 M.
2256 1975 2507 2042 Cras-1⁶

421 2093 531 2139 sus
581 2075 864 2161 negabat
913 2074 1120 2140 ullam
1169 2075 1324 2140 satis
1369 2088 1683 2162 magnam
1741 2076 2091 2162 pecuniam
2158 2098 2294 2142 esse
2352 2079 2436 2161 ei,

421 2175 540 2262 qui
575 2176 646 2240 in
684 2197 756 2243 re
791 2177 1055 2264 publica
1089 2178 1396 2265 princeps
1441 2177 1644 2244 vellet
1688 2199 1845 2261 esse,
1876 2178 2063 2244 cuius
2108 2179 2438 2246 fructibus

422 2279 789 2345 exercitum
817 2279 991 2346 alere
1019 2301 1154 2346 non
1183 2289 1422 2367 posset.
1484 2280 1840 2347 Delectant
1869 2281 2070 2347 ctiam
2098 2281 2438 2370 magnifici

421 2390 772 2468 apparatus
803 2379 1106 2470 vitaeque
1136 2383 1354 2449 cultus
1383 2405 1534 2450 cum
1570 2383 1897 2470 elegantia
1932 2391 2001 2449 et
2035 2384 2261 2472 copia3
2298 2386 2438 2472 qui·

309 2538 313 2542 .
361 2557 364 2562 ,
420 2485 546 2550 bus
583 2485 778 2552 rebus
822 2484 1136 2551 effectum
1179 2493 1298 2570 est,
1333 2494 1413 2551 ut
1446 2486 1710 2551 infinita
1751 2486 2067 2571 pecuniae
2112 2488 2436 2605 cupiditas
2454 2509 2505 2548 20

419 2593 608 2654 esset.
696 2587 844 2654 Nec
874 2609 1031 2654 vero
1061 2589 1158 2654 rei
1200 2588 1546 2655 familiaris
1582 2589 2009 2676 amplificatio
2042 2590 2296 2654 nemini
2327 2611 2438 2654 no·

419 2710 576 2755 cens
608 2690 1046 2778 vituperanda
1079 2699 1198 2774 est,
1230 2691 1345 2757 sed
1379 2692 1704 2779 fugienda
1737 2713 1998 2779 semper
2039 2692 2283 2758 iniuria
2316 2700 2435 2758 est.

235 2807 248 2872 j
323 2802 402 2856 26
421 2791 739 2858 Maxume
777 2799 1000 2858 autem
1045 2744 1503 2892 adducunturb
1508 2794 1828 2911 plerique,
1869 2803 1947 2860 ut
1995 2817 2105 2861 eos
2147 2796 2437 2862 iustitiae

421 2893 635 2981 capiat
677 2893 945 2993 oblivio,
981 2916 1135 2961 cum
1179 2897 1250 2961 in
1293 2896 1749 2984 imperiorum,
1794 2897 2144 2979 honorum,
2188 2899 2438 2986 gloriae

414 2996 856 3084 cupiditatem
884 2997 1281 3065 inciderunt.
1330 2999 1528 3078 Quod
1559 2999 1738 3064 enim
1768 3006 1867 3064 est
1896 3000 2072 3086 apud
2104 3000 2399 3066 Ennium
2418 3022 2434 3068 ε
2452 3024 2506 3064 18

165 3119 236 3206 7⁶
297 3179 305 3191 Ι
331 3171 358 3192 „
373 3171 386 3196 Ζ
411 3177 418 3190 1
465 3135 476 3158 ³
1136 3116 1194 3170 N
1195 3116 1313 3170 filla
1336 3117 1532 3168 sancta
1555 3113 1793 3169 societas

183 3209 187 3216 ’
295 3203 302 3208 ”
987 3205 1110 3259 Nec
1132 3203 1272 3258 fides
1295 3201 1458 3273 regni
1481 3204 1583 3270 est,

419 3303 491 3370 id
525 3302 722 3369 latius
760 3311 968 3390 patet.
1055 3301 1237 3369 Nam
1272 3301 1588 3388 quicquid
1632 3301 1772 3368 eius
1812 3302 1995 3368 modi
2032 3310 2149 3388 est,
2190 3303 2261 3368 in
2304 3325 2437 3392 quo

419 3428 554 3473 non
585 3406 840 3494 possint
867 3404 1090 3493 plures
1125 3403 1467 3487 excellere,
1496 3405 1568 3469 in
1599 3425 1677 3471 eo
1711 3403 1791 3471 fit
1826 3399 2219 3494 plerumque
2254 3415 2439 3475 tanta

420 3509 778 3591 contentio,
814 3516 893 3573 ut
935 3506 1402 3573 difficillimum
1435 3507 1525 3574 sit
1554 3529 1813 3575 servare
1846 3511 2198 3577 “sanctam
2242 3512 2504 3578 socie-ao

420 3611 688 3676 tatem.’'
757 3610 1140 3676 Declaravit
1169 3610 1237 3676 id
1269 3610 1470 3678 modo
1498 3613 1833 3684 temeritas
1863 3612 1939 3679 O.
1974 3613 2285 3696 Caesarie,
2318 3615 2435 3700 qui

420 3712 645 3778 omnia
683 3712 828 3777 iura
871 3713 1100 3778 divina
1141 3719 1208 3779 et
1249 3713 1537 3780 humana
1578 3716 1900 3802 pervertit
1944 3724 2218 3803 propter
2259 3737 2433 3799 eum,

2263 3817 2291 3846 vs

325 1721 402 1773 25
