2867 4334
388 399 516 465 150
904 398 912 406 “
935 403 938 405 Δ
1168 397 1272 451 ΒΕ
1313 395 1622 452 omens

385 547 786 617 hereditates
834 571 971 617 non
1016 549 1332 617 honestae
1375 548 1712 633 videntur,
1748 551 1807 615 si
1860 553 2019 615 sunt
2062 547 2407 616 malitiosis

387 651 744 736 blanditiis,
809 652 1178 719 officiorum
1242 673 1378 717 non
1442 651 1745 734 veritate,
1804 651 1921 717 sed
1986 649 2409 718 simulatione

387 755 737 840 quaesitae.
826 755 1045 841 Atqui
1101 755 1172 819 in
1227 755 1469 820 talibus
1522 755 1723 822 rebus
1765 753 1945 819 aliud
1976 754 2163 821 utile
2203 755 2409 836 interf

294 869 370 930 '75
389 855 571 938 dum,
601 855 782 922 aliud
810 855 1164 924 honestum
1195 856 1410 922 videri
1441 856 1627 922 solet.
1670 881 1673 888 ·
1716 855 1947 940 Falso;
1984 878 2139 922 nam
2172 856 2404 924 eadem

253 958 714 1048 (75)utilitatis,
760 981 928 1047 quae
980 959 1362 1042 honestatis,
1415 967 1516 1024 est
1566 959 1815 1046 regula.
1906 959 2039 1037 Qui
2092 959 2219 1025 hoc
2268 981 2403 1026 non
2444 981 2473 1022 ις

387 1061 770 1149 perviderit,
802 1063 885 1129 ab
931 1061 1058 1129 hoc
1110 1061 1295 1127 nulla
1339 1061 1525 1127 fraus
1568 1061 1801 1145 aberit,
1832 1061 2092 1126 nullum
2122 1060 2403 1127 facinus.

329 1231 334 1236 ,
389 1164 502 1230 Sic
521 1165 701 1230 enim
725 1165 1055 1252 cogitans:
1087 1163 1262 1230 “Est
1283 1164 1453 1231 istuc
1475 1163 1747 1252 quidem
1771 1164 2142 1248 honestum,
2167 1185 2405 1230 verum

387 1265 515 1334 hoc
549 1267 820 1354 expedit
836 1266 876 1302 ''
909 1289 1011 1340 res
1043 1288 1083 1332 a
1119 1269 1352 1332 natura
1387 1266 1725 1354 copulatas
1758 1266 2029 1332 audebit
2062 1287 2283 1333 errore
2312 1267 2408 1332 di-

390 1369 656 1453 vellere,
686 1370 801 1457 qui
831 1369 987 1436 fons
1029 1377 1128 1436 est
1163 1368 1524 1453 fraudium,
1555 1368 2406 1454 maleficiorum,·scelerum

289 1485 374 1555 19
394 1473 712 1539 omnium.
801 1472 1058 1559 Itaque,
1093 1472 1149 1538 si
1179 1472 1284 1538 vir
1311 1473 1525 1538 bonus
1558 1471 1795 1538 habeat
1825 1471 1995 1537 hanc
2024 1471 2185 1556 vim,
2214 1480 2313 1556 ut,
2348 1471 2473 1538 sim

393 1575 621 1663 digitis
663 1574 1133 1662 concrepuerit,
1178 1575 1387 1662 possit
1430 1575 1501 1640 in
1548 1573 1977 1661 locupletium
2014 1581 2407 1640 testamenta

390 1699 635 1745 nomen
670 1676 814 1744 eius
845 1678 1167 1764 inrepere,
1200 1677 1322 1742 hac
1359 1677 1426 1741 vi
1462 1697 1596 1742 non
1627 1683 1875 1761 utatur,
1905 1697 1991 1742 ne
2024 1677 2081 1741 si
2114 1674 2405 1764 explora-

389 1786 537 1845 tum
559 1779 832 1865 quidem
854 1778 1089 1844 habeat
1111 1778 1181 1844 id
1203 1778 1478 1844 omnino
1500 1778 1835 1844 neminem
1857 1799 2177 1866 umquam
2200 1779 2403 1865 suspi-

389 1886 710 1948 caturum.
801 1881 900 1946 At
935 1879 1123 1946 dares
1151 1879 1321 1946 hauc
1345 1881 1482 1946 vim
1518 1879 1614 1946 M.
1648 1880 1901 1964 Crasse,
1932 1889 2009 1946 ut
2038 1881 2397 1968 digitorum

389 1981 805 2069 percussione
835 1981 1022 2048 heres
1050 1987 1270 2070 posset
1304 1983 1588 2070 scriptus
1622 2004 1779 2066 esse,
1812 1982 1930 2070 qui
1968 2005 2037 2048 re
2067 2005 2220 2049 vera
2260 2004 2393 2048 non
2415 2001 2471 2044 ιε

387 2090 556 2150 esset
583 2083 791 2169 heres,
823 2085 892 2150 in
923 2084 1092 2169 foro,
1123 2085 1288 2150 mihi
1312 2085 1527 2170 crede,
1556 2085 1840 2152 saltaret.
1922 2085 2144 2151 Homo
2178 2093 2401 2150 autem

386 2187 599 2252 iustus
631 2186 842 2274 isque,
879 2208 1080 2275 quem
1124 2187 1447 2254 sentimus
1490 2188 1710 2254 virum
1755 2189 2026 2271 bouum,
2057 2186 2226 2252 nihil
2271 2188 2402 2252 eui·

385 2311 608 2376 quam,
639 2290 820 2377 quod
846 2291 916 2355 in
946 2312 1017 2357 se
1046 2291 1420 2375 transferat,
1452 2289 1773 2374 detrahet.
1864 2289 2017 2357 Hoc
2046 2290 2163 2377 qui
2198 2289 2403 2356 admi-

291 2402 366 2463 76
388 2401 591 2478 ratur,
622 2394 680 2459 is
723 2415 813 2478 se,
844 2393 1004 2481 quid
1051 2395 1140 2460 sit
1183 2394 1288 2459 vir
1333 2393 1562 2478 bonna,
1606 2394 1860 2460 nescire
1901 2393 2209 2461 fateatur.
2300 2394 2400 2458 At

385 2517 566 2581 vere,
596 2495 652 2563 si
682 2497 799 2584 qui
835 2495 1123 2563 voluerit
1158 2496 1364 2562 animi
1409 2497 1513 2561 sui
1557 2495 2016 2584 complicatam
2059 2496 2473 2562 notionemzo

385 2599 714 2682 evolvere,
751 2601 883 2665 iam
915 2620 983 2666 se
1026 2599 1170 2686 ipse
1205 2599 1437 2665 doceat
1481 2620 1635 2665 eum
1680 2599 1901 2664 virum
1947 2599 2193 2665 bonum
2240 2620 2399 2682 esse,

387 2701 506 2788 qui
537 2702 766 2789 prosit,
798 2701 1039 2787 quibus
1067 2701 1294 2788 possit,
1326 2708 1561 2768 noceat
1604 2701 1858 2766 nemini
1894 2701 2021 2766 nisi
2065 2701 2402 2767 lacessitus

309 2813 314 2818 ’
385 2803 645 2868 iniuria.
723 2802 904 2880 Quid
926 2803 1128 2889 ergo?
1163 2803 1273 2869 hic
1303 2825 1439 2868 non
1468 2811 1722 2887 noceat,
1753 2802 1869 2890 qui
1898 2803 2184 2890 quodam
2204 2804 2403 2891 quasi

384 2924 645 2969 veneno
674 2902 990 2990 perficiat,
1013 2912 1090 2968 ut
1121 2925 1309 2969 veros
1337 2903 1611 2971 heredes
1640 2913 1924 2987 moveat,
1953 2907 2023 2970 iu
2056 2928 2284 2972 eorum
2314 2906 2404 2971 lo-

388 3025 542 3072 cum
570 3005 712 3092 ipse
741 3005 1085 3072 succedat?
1173 3010 1215 3044 “
1233 3006 1396 3073 Non'
1422 3007 1633 3094 igitur
1665 3008 1926 3092 faciat,’'
1958 3009 2201 3074 dixerit
2225 3009 2398 3094 quis,
2416 3031 2473 3071 π

389 3107 630 3194 “quod
685 3106 852 3173 utile
903 3108 1011 3191 sit,
1065 3109 1245 3195 quod
1303 3110 1612 3196 expediat
1634 3110 1700 3177 2²⁹
1789 3111 2009 3177 Immo
2059 3109 2404 3197 intellegat

389 3208 560 3276 nihil
604 3231 727 3276 nec
769 3210 1081 3296 expedire
1124 3233 1248 3279 nec
1291 3212 1458 3278 utile
1500 3235 1660 3297 esse,
1696 3214 1876 3300 quod
1920 3214 2007 3280 sit
2041 3213 2404 3294 iniustum3

294 3318 369 3379 77
389 3312 518 3380 hoc
545 3313 664 3400 qui
700 3334 833 3398 non
871 3312 1196 3398 didicerit,
1227 3315 1441 3381 bouus
1477 3315 1582 3380 vir
1615 3337 1755 3382 esse
1790 3337 1922 3383 nou
1969 3316 2233 3403 poterit.
2332 3315 2403 3382 0.

388 3414 753 3482 Fimbriam
785 3413 1190 3482 consularem
1236 3415 1586 3482 audiebam
1632 3417 1717 3482 de
1760 3426 1947 3505 patre
1985 3427 2209 3485 nostro
2236 3439 2406 3505 puer

385 3515 676 3585 iudicem
728 3516 826 3584 M.
872 3517 1140 3584 Lutatio
1191 3517 1507 3584 Pinthiae
1554 3519 1801 3602 fuisse,
1835 3521 2046 3608 equiti
2097 3521 2401 3586 Romano
2418 3541 2475 3582 ao

385 3639 542 3686 sane
570 3619 868 3702 honestO,
898 3641 1052 3685 cum
1081 3621 1138 3686 is
1165 3620 1587 3707 sponsionem
1618 3622 1901 3704 fecisset,
1924 3644 2001 3688 m
2038 3644 2157 3688 vm
2189 3641 2401 3686 Bonus

385 3740 599 3788 nssm.
687 3719 924 3808 Itaque
954 3720 1018 3788 ei
1051 3721 1294 3788 dixisse
1323 3721 1690 3789 Fimbriam
1717 3745 1787 3790 sc
1822 3723 2003 3790 illam
2041 3745 2181 3789 rem
2212 3741 2403 3786 num·
