2867 4334
962 395 1102 448 Lm.
1139 395 1268 448 111.·
1315 395 1474 447 CAP.
1506 397 1686 449 21-23.
1759 394 1790 458 ἓ
1824 397 1999 449 83-89.
2352 397 2477 462 155

466 549 620 615 tatis
663 545 1178 635 opinionemque
1221 547 1618 632 quaerimnS,
1654 567 1970 633 magnum
2018 545 2184 613 illud
2228 546 2481 614 bellum

467 650 750 740 perfuga
783 670 955 714 unus
990 658 1059 714 et
1092 669 1363 736 gravem
1399 649 1847 714 adversarium
1890 649 2158 737 imperii
2192 650 2485 717 sustulis-

469 762 586 836 set,
630 752 745 818 sed
787 743 1099 837 magnum
1136 750 1419 816 dedecus
1463 757 1531 816 et
1572 749 1922 837 flagitium,
1960 753 2227 839 quicum
2270 752 2482 818 landis

468 862 798 922 certamen
845 853 1100 936 fuisset,
1132 873 1285 917 eum
1323 873 1457 918 non
1498 853 1766 936 virtute,
1802 853 1917 919 sed
1952 854 2192 921 scelere
2226 877 2485 942 supera-

426 967 636 1025 stnm.
724 956 974 1023 Utrum
1017 955 1225 1041 igitur
1267 954 1499 1020 utilius
1546 954 1650 1019 vel
1698 953 2020 1039 Fabricio,
2056 958 2173 1044 qui
2220 959 2371 1024 talis
2412 959 2481 1024 in
2504 963 2578 1023 87

401 1051 422 1073 “
471 1059 593 1126 hac
641 1060 826 1142 urbe,
851 1056 1090 1145 qualis
1120 1056 1455 1128 Aristides
1502 1056 1812 1141 Athenis,
1858 1056 2015 1140 fuit,
2069 1059 2177 1124 vel
2230 1060 2486 1125 senatui

471 1169 715 1246 nostro,
760 1161 878 1247 qui
923 1179 1286 1246 numquam
1336 1159 1694 1226 utilitatem
1732 1167 1773 1225 a'
1806 1160 2132 1247 dignitate
2176 1163 2485 1246 seiunxit,

473 1265 672 1330 armis
700 1284 851 1331 cum
880 1261 1069 1328 hoste
1103 1268 1352 1356 certare
1388 1283 1472 1326 an
1505 1261 1823 1328 venenis?
1878 1269 1881 1274 '
1911 1262 1984 1329 Si
2017 1262 2266 1350 gloriae
2295 1285 2487 1330 causa

472 1367 829 1454 imperium
871 1363 1330 1452 expetundum
1381 1372 1503 1448 est,
1546 1364 1758 1432 scelus
1800 1365 1990 1448 absit,
2044 1365 2117 1430 in
2174 1387 2307 1453 quo
2350 1387 2483 1432 non

405 1493 460 1535 ιο
476 1476 692 1558 potest
734 1489 873 1534 osse
905 1467 1158 1555 gloria3
1203 1466 1304 1533 sin
1351 1467 1530 1554 ipsae
1574 1489 1732 1556 opes
1774 1474 2180 1554 expetuntur
2219 1489 2487 1555 quoquo

476 1571 694 1651 m0d0‚
725 1591 855 1636 non
889 1569 1432 1657 poterunt.utiles
1461 1591 1601 1636 esse
1635 1592 1787 1658 cum
1818 1563 2335 1668 infamiafssNon
2370 1570 2489 1658 igi-

477 1681 589 1740 tur
616 1672 798 1739 utilis
826 1671 939 1738 illa
972 1671 1046 1738 L.
1080 1670 1383 1760 Philippi
1415 1672 1497 1752 Q.
1529 1672 1581 1739 f.
1621 1672 1968 1757 sententia,
2001 1693 2163 1760 quas
2192 1672 2489 1739 civitates

477 1775 552 1842 L.
590 1775 774 1858 Sulla
799 1775 1077 1862 pecunia
1107 1785 1372 1862 accepta
1401 1798 1484 1842 ex
1518 1783 1783 1842 senatus
1821 1775 2121 1843 consulto
2155 1774 2491 1842 liberavis-
2580 1823 2591 1830 -

478 1887 596 1964 set,
627 1886 704 1945 ut
732 1899 847 1944 eae
874 1899 1098 1945 rursus
1131 1878 1480 1966 vectigales
1510 1886 1726 1946 essent
1755 1900 1973 1967 neque
2008 1879 2089 1945 iis
2119 1879 2489 1966 pecuniam,

410 2004 464 2046 ιε
480 2002 678 2069 quam
708 2002 829 2066 pro
858 1979 1162 2046 libertate
1197 1980 1535 2065 dederant,
1566 1981 2009 2048 redderemus.
2098 1980 2182 2047 Ei
2228 1988 2491 2048 senatus

481 2089 581 2148 est
610 2101 921 2148 assensus,
1013 2081 1236 2169 Turpe
1280 2083 1597 2169 imperio!
1644 2083 2007 2170 piratarum
2044 2084 2221 2150 enim
2260 2083 2493 2150 melior

479 2183 646 2250 fides
674 2202 873 2269 quam
910 2189 1190 2248 senatus.
1284 2184 1384 2248 At
1419 2192 1609 2249 aucta
1657 2184 2021 2269 vectigalia,
2058 2185 2222 2250 utile
2265 2185 2490 2272 igitur.

484 2286 842 2372 Quousque
872 2285 1211 2351 audebunt
1241 2284 1461 2349 dicere
1505 2285 1859 2371 quicquam
1904 2285 2088 2368 utile,
2135 2287 2309 2371 qnod
2358 2309 2492 2352 non

482 2389 832 2466 honestum
852 2389 877 2454 3
912 2394 1129 2474 potest
1152 2394 1372 2451 autem
1394 2384 1514 2449 ulli
1538 2384 1837 2470 imperi0‚
1863 2385 2041 2470 quod
2064 2385 2276 2470 gloria
2297 2387 2495 2453 debet
2515 2402 2590 2454 88

415 2491 730 2560 ansultam
769 2510 907 2557 esse
935 2497 1003 2555 et
1031 2486 1486 2564 ‚benivolentia
1516 2487 1863 2566 sociorum,
1894 2484 2060 2550 utile
2094 2506 2233 2550 esse
2266 2486 2495 2552 odium

485 2601 553 2660 et
603 2592 924 2658 infamia?
1009 2588 1156 2676 Ego
1203 2588 1404 2655 etiam
1448 2609 1600 2654 cum
1649 2586 1901 2653 Catone
1944 2607 2095 2652 meo
2138 2607 2331 2674 saepe
2374 2587 2498 2652 dis-

484 2695 655 2761 sensi
682 2715 700 2776 ;
729 2694 927 2759 nimis
957 2691 1122 2757 mihi
1151 2689 1521 2779 praefracte
1557 2688 1907 2754 videbatur
1939 2687 2264 2755 aerarium
2303 2689 2499 2754 vecti·

485 2795 788 2883 galiaque
840 2794 1215 2878 defendere,
1268 2793 1494 2886 omnia
1549 2790 1916 2880 publicanis
1966 2795 2227 2879 negare,
2285 2790 2499 2857 multa

486 2898 696 2982 sociiS‚
733 2919 885 2964 cum
928 2896 1000 2962 in
1044 2895 1164 2962 hos
1208 2893 1489 2962 benefici
1531 2915 1669 2961 esse
1715 2893 2123 2977 deberemus,
2169 2916 2321 2961 cum
2366 2893 2498 2960 illis

419 3001 578 3068 assic
627 3023 839 3089 agere,
898 3007 974 3065 ut
1023 3021 1174 3066 cum
1231 2997 1506 3064 colonis:
1543 2996 1783 3084 nostris
1848 2995 2221 3081 soleremus,
2286 3017 2498 3083 eoque

487 3105 714 3190 magis,
767 3102 946 3191 quod
993 3101 1110 3167 illa
1159 3101 1469 3168 ordinum
1513 3099 1892 3167 coniunctio
1936 3100 2019 3165 ad
2064 3099 2344 3168 salutem
2400 3099 2497 3165 rei

485 3205 788 3292 publicae
830 3203 1223 3292 pertinebat.
1309 3201 1490 3268 Male
1532 3202 1734 3268 etiam
1780 3200 2005 3283 Curio,
2037 3223 2191 3267 cum
2234 3221 2497 3266 cansam

487 3292 1104 3396 Transpadanorum
1140 3327 1414 3392 aequam
1461 3325 1601 3370 esse
1644 3303 1924 3385 dicebat,
1970 3309 2234 3388 semper
2274 3309 2499 3366 autem

485 3409 803 3476 addebat:
858 3408 1168 3476 “Vincat
1211 3407 1463 3473 utilitas
1487 3406 1547 3472 1’2
1593 3405 1832 3472 Potius
1874 3405 2135 3470 doceret
2178 3424 2312 3468 non
2360 3423 2499 3468 esse

418 3533 783 3598 suaequam,
814 3510 970 3598 quia
1003 3532 1137 3577 non
1172 3515 1341 3576 esset
1375 3507 1562 3574 utilis
1596 3507 1692 3572 rei
1728 3503 2050 3592 publicae,
2088 3525 2308 3590 quam,
2344 3525 2499 3570 cum

485 3613 723 3680 utilem
761 3633 891 3694 non
923 3632 1062 3678 esse
1091 3612 1358 3693 diceret,
1388 3597 1529 3675 esse
1556 3620 1834 3694 aequam
1863 3606 2207 3671 fateretur.
2505 3663 2593 3733 ²3

572 3714 828 3794 Plenus
863 3721 964 3780 est
1001 3721 1228 3781 sextus
1264 3712 1434 3779 liber
1474 3709 1561 3778 de
1598 3708 1827 3778 officiis
1864 3706 2226 3776 Hecatonis
2263 3706 2497 3774 talium
2519 3755 2596 3810 89
