2867 4334
429 367 556 431 126
976 393 982 398 -
1207 365 1308 414 DE
1349 361 1658 417 ormcns

426 517 675 582 dumne
703 514 909 581 fuerit
939 511 1067 582 hoc'
1094 536 1325 603 genuS,
1348 514 1531 603 quod
1558 515 1631 580 in
1654 515 1979 582 divisione
2009 516 2285 585 Panaeti
2316 509 2435 586 ter-²

425 621 596 684 tium
633 625 750 702 est,
787 640 868 683 an
907 617 1102 706 plane
1145 618 1612 701 omittendum,
1647 618 1931 685 alterum
1964 619 2256 686 dubitari
2300 605 2433 689 non

425 728 661 809 potest,
692 721 855 808 quin
903 743 942 787 a
987 721 1306 788 Panaetio
1357 730 1736 809 susceptum
1786 723 1891 806 sit,
1947 723 2063 789 sed
2109 723 2432 791 relictum.

425 824 604 892 Nam
634 825 816 911 quie
846 824 1172 891 divisione
1215 825 1545 912 tripertita
1589 825 1751 890 duas
1794 834 2015 912 partes
2060 827 2434 910 absolverit,

426 927 582 993 huic
614 947 874 994 necesse
909 933 1010 993 est
1045 934 1286 992 restare
1321 927 1626 1010 tertiam3
1662 902 2103 1014 praeterea-sin
2138 938 2434 996 extremo
2475 951 2504 992 ε

424 1029 595 1096 libro
625 1031 820 1096 tertio
849 1030 934 1096 de
962 1029 1084 1096 hac
1114 1037 1301 1117 parte
1331 1017 1684 1116 pollicetur
1710 1052 1779 1095 se
1810 1031 2121 1118 deinceps
2143 1053 2279 1097 esse
2302 1032 2437 1099 dic-

332 1143 408 1197 10
426 1140 671 1198 turum.
761 1133 1045 1198 Accedit
1072 1131 1303 1198 eodem
1334 1131 1519 1197 testis
1547 1131 1840 1219 locuples
1867 1131 2285 1224 Posidonius,
2316 1135 2435 1220 qui

425 1222 626 1301 etiam
663 1235 886 1302 scribit
919 1236 989 1300 in
1035 1234 1319 1322 quadam
1353 1233 1635 1320 epistula
1670 1233 1750 1300 P.
1788 1234 2119 1301 Rutilium
2167 1235 2434 1302 Rufum

427 1339 644 1406 dicere
671 1339 898 1421 solere,
933 1337 1052 1424 qui
1086 1336 1481 1403 Panaetium
1524 1337 1841 1420 audierat,
1878 1346 1956 1404 ut
1991 1360 2188 1405 nemo
2221 1340 2437 1428 pictor

425 1451 595 1508 esset
636 1442 966 1523 iuventus,
1003 1440 1118 1525 qui
1160 1441 1229 1502 in
1270 1438 1408 1504 Ooa
1435 1437 1703 1530 Venere
1734 1463 1879 1506 cam
1916 1448 2194 1528 partem,
2232 1442 2503 1528 quarum

427 1543 702 1631 Apelles
733 1542 1121 1636 ‘inchoatam
1170 1541 1558 1627 reliquisset,
1612 1543 1979 1608 absolveret
2037 1543 2196 1629 (oris
2254 1545 2432 1608 euim

427 1645 853 1733 pulchritudo
889 1643 1127 1730 reliqui
1163 1645 1451 1732 corporis
1488 1643 1790 1710 imitandi
1826 1667 2011 1733 spem
2046 1645 2431 1733 auferebat),

427 1751 643 1832 sicea,
674 1769 840 1834 quac
871 1745 1227 1811 Panaetius
1254 1747 1797 1832 praetermisisset
1830 1749 1925 1831 [et
1960 1767 2091 1812 non
2129 1749 2433 1834 perfecis-

427 1853 554 1934 set]
595 1857 866 1936 propter
901 1870 1149 1932 eorum,
1187 1870 1355 1936 quae
1391 1850 1793 1938 perfecisset,
1825 1851 2290 1938 praestantiam
2326 1872 2433 1917 ne-

429 1955 678 2018 minem
708 1959 1144 2039 persecutum.

439 2067 442 2070 ’
513 2055 730 2133 Quam
755 2055 840 2121 ob
871 2076 1011 2120 rem
1035 2055 1118 2121 de
1139 2054 1386 2123 iudicio
1407 2055 1686 2122 Panaeti
1710 2055 1998 2123 dubitari
2020 2077 2152 2123 non
2184 2064 2434 2144 potest;

427 2167 690 2224 rectene
719 2166 941 2224 autem
985 2157 1156 2226 hanc
1202 2160 1467 2225 tertiam
1514 2167 1767 2247 partem
1816 2159 1900 2225 ad
1952 2159 2431 2247 exquirendum

426 2261 713 2328 officium
758 2261 1133 2329 adiunxerit
1176 2284 1259 2328 an
1305 2284 1514 2346 secus,
1560 2261 1645 2328 de
1687 2283 1767 2328 eo
1802 2262 2079 2328 fortasse
2114 2263 2432 2350 disputari

417 2372 662 2453 potest.
749 2363 945 2449 Nam,
1003 2366 1146 2432 sive
1197 2365 1551 2432 honestum
1607 2364 1823 2431 solum
1880 2365 2129 2432 bonum
2187 2374 2305 2450 est,
2359 2373 2433 2431 ut

424 2470 665 2536 Stoicis
691 2468 924 2557 placet,
948 2469 1107 2552 sive,
1134 2469 1314 2556 quod
1343 2469 1695 2535 honestum
1728 2477 1847 2548 cst,
1878 2467 1948 2533 id
1976 2468 2071 2534 ita
2100 2489 2427 2534 summum
2448 2491 2503 2531 ao

421 2573 674 2639 bonum
705 2579 824 2655 est,
857 2593 1056 2658 quem
1086 2573 1165 2638 ad
1201 2572 1475 2637 modum
1507 2570 1967 2658 Peripateticis
1996 2572 2231 2636 vestris
2261 2571 2435 2636 vide-

427 2685 554 2758 tur,
591 2682 667 2740 ut
696 2675 919 2741 omnia
953 2696 1034 2740 ex
1070 2674 1272 2739 altera
1301 2686 1489 2760 parte
1517 2673 1830 2740 collocata
1860 2673 1973 2738 vix
2006 2673 2265 2739 minimi
2302 2695 2435 2740 mo·

426 2778 636 2842 menti
668 2777 876 2841 instar
909 2775 1214 2859 habeant,
1246 2777 1686 2842 dubitandum
1732 2798 1865 2841 nou
1912 2784 2031 2860 est,
2062 2776 2224 2864 quin
2248 2799 2434 2842 num-

426 2899 624 2965 quam
656 2878 860 2964 possit
889 2878 1140 2943 utilitas
1171 2899 1319 2944 cum
1353 2879 1697 2944 honestate
1719 2879 2133 2945 contendere.
2200 2879 2437 2966 Itaque

425 2979 795 3066 accepimus
824 2979 1159 3046 Socratem
1191 2981 1509 3046 exsecrari
1538 2980 1809 3047 solitum
1844 3001 1973 3064 eos,
2005 2982 2120 3067 qni
2144 2981 2430 3068 primum
2451 3005 2503 3045 εις

425 3080 588 3148 haec
629 3088 865 3147 natura
915 3081 1330 3149 cohaerentia
1379 3083 1694 3170 opinione
1746 3083 2216 3149 distraxissent.
2307 3083 2436 3149 Oui

425 3184 696 3272 quidem
728 3185 824 3250 ita
868 3193 1024 3252 sunt
1059 3185 1266 3252 Stoici
1310 3186 1587 3269 adsensi,
1624 3194 1701 3251 ut
1736 3194 1825 3270 et,
1857 3185 2173 3272 quicquid
2209 3185 2437 3253 hones-

403 3296 574 3354 tum
603 3295 792 3372 esset,
827 3285 900 3354 id
934 3288 1100 3355 utile
1136 3309 1276 3355 esse
1312 3297 1653 3355 censerent
1687 3309 1809 3354 nec
1853 3288 2019 3355 utile
2061 3289 2436 3377 quicquam,

332 3407 406 3461 12
428 3393 606 3479 qnod
640 3411 778 3458 non
813 3391 1187 3459 honestum.
1277 3391 1533 3470 Quodsi
1577 3392 1635 3456 is
1681 3399 1850 3458 esset
1895 3391 2267 3476 Panaetius,
2321 3392 2437 3479 qui

426 3495 744 3561 virtutem
777 3505 1124 3583 propterea
1154 3495 1497 3563 colendam
1528 3494 1794 3574 diceret,
1827 3495 2005 3580 quod
2042 3517 2118 3561 ca
2154 3495 2506 3560 efficiensso

425 3597 734 3663 utilitatis
769 3606 958 3682 esset,
988 3607 1066 3663 ut
1099 3599 1168 3682 ii,
1205 3599 1321 3685 qui
1363 3620 1469 3664 res
1516 3597 1918 3685 expetendas
1954 3597 2061 3662 vel
2096 3597 2437 3681 voluptate

423 3698 533 3763 vel
562 3698 928 3766 indolentia
983 3700 1370 3784 metiuntur,
1425 3700 1656 3766 liceret
1702 3700 1765 3766 ei
1815 3698 2033 3766 dicere
2079 3698 2437 3764 utilitatem

350 2025 393 2092 3

334 2117 402 2168 11

2448 1971 2503 2014 15
