2867 4334
1020 420 1161 470 Lm.
1199 420 1244 472 1.
1317 419 1479 473 CAP.
1520 415 1655 485 1,'2.
1726 418 1755 480 ς
1790 422 1904 472 2-7.
2398 423 2481 487 13

467 571 681 654 rebus,
713 589 932 657 neque
965 570 1020 635 si
1063 568 1286 636 'tecum
1321 591 1475 658 agas
1510 569 1693 657 quid,
1725 592 1941 658 neque
1984 571 2041 636 si
2076 577 2230 636 eum
2273 568 2480 635 altero

469 677 834 761 contrahaS,
870 697 1101 742 vacare
1153 674 1366 769 officio
1416 683 1656 763 potest,
1692 677 1765 741 in
1816 698 2028 764 eoque
2078 684 2145 742 et
2202 675 2478 742 colendo

470 780 593 846 sita
625 780 804 845 vitae
839 783 938 844 est
975 771 1280 844 honestas
1313 779 1529 844 omnis
1557 786 1625 843 et
1662 779 2076 867 neglegendo
2111 780 2474 866 turpitudo.

471 885 699 970 Atque
757 881 919 948 haec
963 881 1232 968 quidem
1278 881 1574 967 quaestio
1618 882 1991 949 communis
2034 889 2133 948 est
2177 883 2530 950 omnium5

394 1015 400 1020 ·
427 1009 457 1050 ε
471 983 1046 1074 philosophorum3
1075 983 1224 1071 quis
1247 991 1344 1050 est
1367 983 1569 1067 enim,
1592 984 1705 1071 qui
1732 984 1933 1050 nullis
1955 984 2152 1050 officii
2182 1006 2479 1072 praecep-

473 1091 559 1154 tis
594 1087 930 1154 tradendis
959 1085 1430 1173 philosophum
1463 1107 1533 1152 se
1562 1087 1800 1152 audeat
1828 1087 2089 1154 dicere?
2164 1087 2295 1153 Sed
2324 1098 2479 1154 sunt

472 1213 604 1258 non
637 1190 857 1256 nullae
887 1188 1288 1292 disciplinae,
1313 1210 1483 1276 quae
1512 1188 1867 1276 propositis
1896 1190 2221 1256 bonorum
2252 1198 2320 1255 et
2352 1213 2475 1256 ma-

473 1281 689 1362 lorum
742 1279 988 1358 finibus
1045 1291 1332 1358 officium
1386 1302 1583 1358 omne
1637 1298 2039 1378 pervertant.
2126 1289 2305 1358 Nam
2363 1293 2478 1379 qui

473 1413 806 1462 summum
837 1396 1084 1462 bonum
1115 1394 1208 1460 sic
1237 1393 1550 1476 instituit,
1584 1401 1660 1459 ut
1689 1393 1857 1458 nihil
1893 1393 2132 1460 habeat
2167 1415 2318 1459 cum
2354 1397 2478 1458 vir·

402 1523 458 1564 10
476 1505 620 1565 tute
663 1497 1103 1579 coniunctum,
1136 1495 1340 1582 idque
1375 1495 1510 1561 suis
1546 1496 1931 1580 commodis,
1967 1517 2099 1562 non
2138 1495 2480 1562 honestate

464 1601 765 1685 metitur,
789 1600 918 1683 hic,
943 1600 997 1666 si
1021 1600 1146 1672 sibi
1175 1599 1316 1687 ipse
1347 1600 1717 1666 consentiat
1746 1606 1813 1665 et
1848 1621 1984 1666 non
2012 1599 2348 1665 interdum
2372 1622 2480 1665 na-

471 1691 667 1771 turae
690 1705 988 1771 bonitate
1022 1704 1347 1786 vincatur,
1383 1723 1603 1789 neque
1638 1703 1993 1770 amicitiam
2030 1702 2241 1770 colere
2274 1704 2479 1790 possit

385 1831 397 1846 ·
472 1829 594 1874 nec
646 1807 964 1904 iustitiam
1019 1827 1144 1873 nec
1194 1805 1698 1888 liberalitatem3
1741 1805 1939 1871 fortis
1982 1827 2140 1874 vero
2183 1805 2478 1873 dolorem

473 1899 806 1977 summum
852 1908 1103 1975 malum
1148 1909 1447 1975 iudicans
1490 1915 1605 1974 aut
1652 1914 2023 1996 temperans
2067 1909 2479 1997 voluptatem

405 2034 805 2080 wsummum
837 2012 1085 2079 bonum
1115 2019 1407 2078 statuens
1438 2033 1575 2078 esse
1602 2020 1781 2078 certe
1804 2011 1989 2078 nullo
2020 2012 2216 2078 modo
2238 2021 2473 2100 potest.

471 2117 660 2196 Quae
694 2128 1095 2202 quamquam
1123 2115 1218 2186 ita
1246 2122 1402 2190 sunt
1435 2115 1507 2180 in
1551 2123 1889 2216 promptu,
1926 2122 2003 2180 nt
2046 2137 2148 2182 res
2192 2115 2475 2204 disputa·
2494 2129 2529 2182 6

455 2221 652 2286 'tione
681 2240 814 2286 non
843 2224 1058 2312 eoeeat,
1081 2223 1300 2282 tamen
1333 2205 1488 2283 sunt
1517 2239 1556 2283 a
1583 2219 1775 2286 nobis
1805 2219 1933 2286 alio
1956 2217 2099 2286 loco
2122 2219 2473 2306 disputata.

473 2321 623 2388 Hae
652 2272 1038 2408 disciplinae
1071 2321 1281 2406 igitur
1308 2320 1364 2386 si
1398 2321 1526 2386 sibi
1563 2330 2037 2389 consentaneae
2071 2321 2283 2387 velint
2318 2343 2476 2403 esse,

474 2424 556 2490 de
600 2423 816 2490 officio
859 2421 1030 2487 nihil
1065 2429 1311 2509 queant
1354 2422 1592 2507 dicere,
1629 2445 1847 2509 neque
1891 2421 2027 2487 ulla
2061 2423 2260 2487 oflicii
2306 2444 2481 2508 piae-

405 2533 664 2615 socepta
697 2525 910 2608 firma,
957 2524 1235 2609 stabilia,
1281 2527 1632 2592 coniuncta
1674 2524 1947 2589 naturae
1990 2523 2162 2588 tradi
2207 2534 2481 2610 possunt

473 2630 600 2702 nisi
628 2635 744 2694 aut
773 2629 858 2694 ab
884 2627 1128 2715 iis,·qui
1159 2626 1384 2712 solam,
1417 2634 1532 2693 aut
1562 2627 1645 2693 ab
1674 2626 1775 2709 iis,
1802 2625 1917 2712 qui
1946 2625 2232 2691 maxime
2254 2624 2481 2692 hones-

472 2740 678 2798 tatem
706 2738 1014 2819 propter
1007 2751 1077 2796 se
1098 2731 1320 2798 dicant
1345 2729 1805 2818 expetendam.
1869 2727 1975 2794 Ita
1998 2729 2261 2816 propria
2284 2737 2383 2796 est
2406 2751 2483 2796 ea

473 2834 847 2964 praeceptio
867 2833 1259 2948 Stoicorum,
1277 2832 1851 2934 Academicorum,
1867 2830 2479 2920 Per1patet1001um‚

475 2915 804 3025 quoniam
832 2905 1197 3021 Aristonis,
1226 2909 1637 3023 Pyrrhonis>
1662 2933 1856 3000 Erilli
1898 2934 2031 2999 iam
2077 2935 2334 3023 pridem
2376 2957 2483 3001 ex-

409 3040 658 3127 zplosa
686 3034 1013 3106 sententia
1049 3047 1185 3105 est·
1169 3088 1186 3122 ,
1232 3039 1368 3125 qui
1380 3046 1600 3105 tamen
1638 3037 2011 3104 haberent
1991 3059 2093 3102 ms
2127 3058 2323 3104 suum
2358 3037 2483 3102 dis-

477 3141 757 3230 putandi
793 3140 876 3206 de
907 3140 1140 3224 officio,
1176 3141 1232 3206 si
1267 3163 1489 3206 rerum
1525 3140 1812 3227 aliquem
1844 3137 2160 3206 dilectum
2189 3139 2483 3225 reliquis-

476 3252 641 3329 sent,
672 3251 750 3309 nt
778 3243 860 3310 ad
891 3243 1092 3310 officii
1119 3243 1576 3309 inventionem
1600 3244 1817 3308 aditus
1845 3228 2032 3308 esset.
2115 3243 2485 3328 Sequemur

477 3341 836 3436 igitur'hoc
866 3347 1138 3434 quidem
1161 3353 1459 3434 tempore
1482 3353 1550 3412 et
1572 3345 1694 3411 hac
1716 3345 1786 3410 in
1818 3344 2200 3431 quaestione
2228 3342 2483 3428 potissi-

477 3465 666 3517 mum
694 3451 948 3517 Stoicos
977 3471 1111 3516 non
1143 3457 1220 3514 ut
1247 3449 1659 3540 interpretes,
1683 3447 1818 3528 sed,
1842 3452 1919 3510 ut
1943 3444 2247 3525 solemus,
2272 3465 2311 3509 e
2338 3443 2484 3509 fon·

411 3579 462 3618 ao
480 3554 656 3619 tibus
677 3573 907 3620 eorum
929 3551 1176 3619 iudicio
1194 3551 1597 3635 arbitrioque
1614 3555 1857 3629 nostr0,
1878 3550 2201 3632 quantum
2222 3567 2485 3633 quoque

478 3654 677 3723 modo
705 3645 1061 3736 videbitur,
1093 3652 1489 3719 hauriemus.
2507 3681 2591 3754 1]

561 3758 794 3825 Placet
843 3755 1070 3840 igitur,
1115 3755 1429 3842 quoniam
1480 3751 1697 3818 omnis
1740 3749 2101 3838 disputatio
2144 3751 2227 3816 de
2272 3751 2537 3818 officio?

385 3902 394 3940 ι
476 3886 534 3944 Μ
559 3894 696 3942 Μ
787 3865 967 3922 &tl-11(
1149 3942 1158 3952 .

389 3983 418 4021 2
486 3981 748 4066 ‘homst-m
821 3986 868 4027 ’Ἴ
915 3961 976 4009 (⁸
1007 4014 1009 4016 -
1041 3971 1062 4027 ‘x
1095 3961 1136 4002 ὲ*
1164 3974 1184 4015 'r
1207 3973 1228 4000 ³
1405 3957 1524 4012 2¹⁰¹:
1588 3972 1595 3986 ⁸

399 4080 436 4126 ἐκ

2514 1255 2587 1305 ι,
2620 1255 2697 1310 ,-x-
2732 1242 2789 1294 .³
