2867 4334
372 389 460 452 22
937 419 942 425 .
1155 380 1262 431 DF.
1301 379 1611 431 Ochns
1637 417 1645 425 .

369 542 598 615 tatem,
629 532 784 619 quia
812 530 983 596 nihil
1011 529 1369 597 conferunt
1395 528 1466 593 in
1498 550 1642 596 eam
1672 528 1897 613 studii,
1928 531 2098 597 nihil
2130 554 2389 621 operae,

369 635 542 725 nihil
571 633 986 700 facultatum.
1043 655 1053 665 ¹

315 741 345 748 ““
360 725 407 748 s
447 729 745 816 *Quando
766 737 975 824 igitur
996 736 1254 803 duobus
1275 736 1629 824 generibus
1653 735 2015 803 iniustitiae
2037 739 2391 825 propositis

371 840 796 906 adiunximus
838 860 1060 905 causas
1093 839 1441 925 utriusque
1482 838 1747 926 generis
1796 859 2036 926 easque
2088 861 2192 906 res
2237 849 2391 907 aute

372 941 854 1025 constituimus,
891 942 1132 1029 quibus
1165 941 1418 1006 iustitia
1454 941 1925 1024 contineretur,
1962 941 2179 1026 facile,
2212 944 2390 1030 quod
2432 965 2461 1005 a

373 1045 689 1131 cuiusque
724 1044 1044 1130 temporis
1077 1043 1367 1110 officium
1400 1044 1509 1125 sit,
1545 1042 1929 1129 poterimus,
1968 1044 2095 1108 nisi
2131 1054 2391 1111 nosmet

359 1146 551 1252 ipsos
582 1145 772 1212 valde
800 1145 1184 1227 amabimus,
1215 1145 1547 1227 iudicare3
1585 1152 1684 1210 est
1713 1145 1891 1210 enim
1922 1144 2203 1211 difficilis
2232 1169 2390 1212 cura

109 1275 113 1282 ·
171 1263 178 1268 ·
279 1242 368 1320 30
374 1239 595 1313 rerum
612 1247 994 1314 alienarum.
1042 1248 1463 1334 Quamquam
1485 1245 1920 1312 Terentianus
1941 1246 2054 1312 ille
2074 1247 2391 1314 Chremes

374 1349 707 1416 “humani
743 1349 912 1415 nihil
957 1372 995 1415 a
1029 1371 1099 1415 se
1135 1349 1426 1415 alienum
1472 1348 1744 1436 putat;”
1794 1348 1906 1414 sed
1955 1355 2199 1432 tamen,
2237 1352 2391 1437 quia

371 1452 584 1540 magis
617 1473 696 1518 ea
729 1451 1134 1539 percipimus
1166 1459 1365 1535 atque
1407 1450 1747 1534 sentimus,
1785 1471 1960 1544 quae·
1998 1451 2189 1518 nobis
2231 1453 2391 1539 ipsis
2408 1473 2459 1514 ιο

375 1563 490 1620 aut
540 1575 852 1643 prospera
903 1561 1019 1618 aut
1069 1552 1342 1617 adversa
1396 1553 1737 1636 eveniunt,
1789 1574 1990 1640 quam
2040 1553 2175 1638 illa,
2223 1576 2392 1642 quae

375 1657 628 1741 ceteris,
661 1678 828 1744 quae
857 1655 1041 1743 quasi
1073 1653 1274 1742 longo
1303 1653 1654 1721 intervallo
1688 1654 2035 1723 interiecto
2066 1657 2388 1740 videmus,

375 1759 567 1826 aliter
601 1758 685 1824 de
720 1758 853 1824 illis
896 1780 972 1824 ac
1013 1757 1099 1824 de
1143 1757 1335 1824 nobis
1375 1757 1763 1824 iudicamus.
1855 1758 2180 1837 Quocirca
2223 1761 2393 1826 benc

375 1861 812 1948 praecipiunt,
847 1860 964 1946 qui
1000 1866 1228 1925 vetant
1263 1859 1620 1946 quicquam
1662 1881 1876 1948 agere,
1908 1861 2085 1947 quod
2131 1862 2393 1928 dubites

377 1983 666 2050 aequum
692 1962 779 2028 sit
813 1983 898 2027 an
928 1962 1253 2048 iniquum.
1328 1962 1655 2048 Aequitas
1685 1963 1868 2029 enim
1897 1963 2073 2030 lucet
2103 1964 2246 2051 ipsa
2275 1987 2393 2052 per
2411 1986 2461 2028 ιε

377 2087 467 2148 se,
499 2064 826 2131 dubitatio
857 2065 1324 2152 cogitationem
1353 2064 1685 2152 significat
1712 2065 2010 2133 iniuriae.

467 2168 599 2235 Sed
641 2167 944 2235 incidunt
989 2190 1180 2255 saepe
1223 2177 1543 2254 tempora,
1576 2189 1730 2234 cum
1766 2190 1862 2252 ea,
1895 2191 2063 2256 quae
2104 2171 2393 2236 maxime

383 2270 694 2336 videntur
727 2269 929 2358 digna
971 2291 1108 2336 esse
1142 2269 1317 2336 iusto
1351 2268 1623 2335 homine
1667 2291 1896 2357 eoque,
1928 2292 2127 2357 quem
2173 2273 2387 2338 virum

382 2374 632 2439 bonum
688 2372 988 2456 dicimus,
1041 2379 1533 2438 commutantur
1580 2371 1885 2459 fiuntque
1929 2376 2271 2460 contraria,
2317 2385 2396 2441 ut

378 2475 653 2542 reddere
704 2474 1099 2562 depositum,
1151 2474 1367 2540 facere
1419 2475 1852 2561 promissum;
1898 2498 2195 2564 quaeque
2254 2500 2393 2565 per·
2412 2503 2463 2544 πο

249 2601 292 2634 -1
378 2579 596 2644 tinent
625 2579 709 2644 ad
744 2578 1093 2644 veritatem
1128 2585 1196 2644 et
1231 2578 1315 2643 ad
1348 2577 1573 2661 fidem,
1611 2599 1687 2643 ea
1731 2578 2014 2678 mjgfflre
2057 2580 2394 2646 interdum

380 2688 449 2746 et
484 2702 616 2746 non
662 2701 922 2746 servare
965 2680 1044 2745 fit
1079 2679 1347 2745 iustum.
1437 2679 1707 2745 Referri
1743 2681 1923 2746 enim
1958 2681 2145 2748 decet
2180 2682 2262 2748 ad
2298 2704 2392 2765 ea,

379 2804 550 2869 quae
584 2782 774 2869 posui
805 2782 1149 2869 principio,
1180 2781 1619 2848 fundamenta
1652 2783 1959 2868 iustitiae,
1990 2785 2285 2871 primum
2318 2793 2397 2851 ut

381 2907 467 2950 ne
499 2885 609 2950 cui
645 2892 976 2967 noceatur,
1007 2884 1247 2950 deinde
1275 2892 1354 2949 ut
1381 2885 1721 2949 communi
1749 2885 2024 2951 utilitati
2053 2889 2394 2955 serviatur.

380 2985 478 3052 Ea
521 3008 675 3052 cum
718 2994 1018 3073 tempore
1063 2993 1434 3054 commutan
1446 2995 1569 3068 tur,
1615 2995 2060 3052 commutatur
2109 2991 2396 3056 officium
2414 3016 2467 3056 π

288 3105 362 3158 32
383 3097 452 3155 et
480 3109 613 3155 non
644 3109 904 3175 semper
931 3096 1030 3154 est
1057 3088 1256 3154 idem.
1331 3087 1563 3152 Potest
1592 3086 1773 3151 enim
1802 3087 2093 3154 accidere
2130 3092 2399 3176 promis-

379 3213 529 3258 sum
557 3190 827 3278 aliquod
855 3199 923 3257 et
952 3197 1378 3271 conventum,
1400 3196 1480 3254 ut
1508 3189 1579 3254 id
1609 3187 1778 3254 effici
1810 3189 1895 3254 sit
1917 3190 2154 3256 inutile
2179 3193 2281 3257 vel
2314 3194 2396 3276 ei,

381 3296 490 3362 cui
524 3294 922 3382 promissum
957 3294 1062 3376 sit,
1099 3291 1207 3358 vel
1243 3292 1323 3374 ei,
1357 3291 1474 3377 qui
1510 3291 1905 3378 promiserit.
1994 3291 2175 3359 Nam
2210 3295 2285 3379 si,
2320 3303 2399 3360 ut

365 3398 450 3463 -in
481 3397 728 3464 fabulis
758 3404 876 3479 est,
908 3393 1286 3483 NeptunuS‚
1319 3393 1497 3480 quod
1530 3392 1785 3460 Theseo
1819 3396 2231 3483 promiserat,
2262 3421 2396 3465 non

381 3499 666 3582 fecisset,
699 3498 992 3564 Theseus
1021 3495 1398 3583 Hippolyto
1426 3494 1568 3562 filio
1604 3518 1741 3562 non
1772 3507 1941 3564 esset
1968 3501 2272 3584 orbatus3
2317 3523 2469 3567 exso

381 3600 596 3665 tribus
623 3600 806 3665 enim
834 3600 1097 3686 optatis,
1120 3610 1198 3664 ut
1229 3598 1554 3683 scribitur,
1580 3598 1705 3665 hoc
1734 3608 1873 3666 erat
1902 3603 2196 3685 tertium,
2220 3603 2399 3688 quod

383 3700 470 3767 dc
497 3699 856 3788 Hipp01yti
887 3701 1166 3767 interitu
1194 3701 1402 3768 iratus
1431 3702 1725 3789 optavit3
1769 3724 1904 3790 quo
1938 3705 2291 3791 impetrato
2326 3707 2395 3768 in

288 2136 372 2203 10

285 2228 355 2280 31
