2867 4334
275 909 346 961 15

197 2259 202 2264 ,
289 2193 326 2258 5

277 2283 348 2336 16

365 339 452 406 84
942 345 945 350 ·
1148 333 1248 386 nn
1289 332 1598 386 onmcns

363 485 606 556 habere
639 503 997 573 possemuS,
1028 481 1331 549 homines
1365 489 1541 550 certe
1573 482 1870 567 fuerunt,
1900 480 2183 550 nechoc
2220 489 2382 552 tem-

365 611 524 676 pore
563 587 706 653 sine
740 585 1089 653 hominum
1125 607 1324 673 opera
1362 594 1479 651 aut
1512 607 1778 674 pascere
1816 607 1925 651 eas
1962 593 2078 651 aut
2113 587 2381 652 domare

365 699 480 758 aut
515 690 688 761 tueri
731 697 848 756 aut
881 689 1311 776 tempestivos
1348 688 1609 755 fructus
1651 711 1735 756 ex
1771 689 1853 754 iis
1894 709 2129 776 capere
2171 711 2383 777 posse-

367 814 553 876 mus;
581 793 688 870 ,ab
723 791 1104 877 eisdemque
1147 799 1236 874 et,
1261 812 1428 877 quac
1474 799 1734 875 nocent,
1758 789 2251 857 interficiuntur
2292 801 2379 877 et,

367 917 536 983 quae
584 893 734 962 usui
777 900 1054 981 possunt
1103 914 1262 976 esse,
1298 893 1670 980 capiuntur.
1768 893 1949 971 Quid
1998 914 2381 960 enumerem
2420 921 2449 962 5

367 999 625 1067 artium.
653 995 1173 1077 multitudinem,
1211 995 1354 1061 sine
1404 996 1645 1082 quibus
1688 996 1827 1061 vita
1876 996 2149 1062 omnino
2198 995 2383 1062 nulla

366 1121 506 1169 esse
547 1099 909 1186 potuisset?
1013 1098 1150 1176 Qui
1201 1098 1384 1163 enim
1433 1098 1647 1184 aegris
1696 1097 2177 1181 subveniretur,
2212 1119 2383 1185 quae

365 1209 534 1268 esset
575 1201 927 1270 oblectatio
970 1200 1357 1283 valentium,
1396 1200 1515 1288 qui
1559 1200 1773 1266 victus
1822 1208 1939 1266 ant
1980 1200 2218 1284 cultuS,
2254 1201 2383 1266 nisi

365 1313 504 1372 tam
533 1305 782 1372 multae
817 1303 1007 1371 nobis
1041 1311 1215 1369 artes
1245 1303 1734 1369 ministrarent?
1778 1303 2021 1390 quibus
2050 1305 2243 1370 rebus
2278 1326 2385 1370 ex·

365 1406 544 1474 culta
576 1405 928 1474 hominum
962 1405 1102 1471 vita
1135 1412 1397 1471 tantum
1432 1405 1635 1471 distat
1669 1425 1709 1470 a
1743 1407 1927 1472 victu
1962 1413 2031 1472 et
2064 1406 2250 1473 cultu
2280 1407 2450 1472 be-1o

367 1511 660 1577 stiarnm.
747 1507 967 1578 Urbes
996 1529 1154 1574 vero
1189 1509 1330 1574 sine
1361 1507 1708 1574 hominum
1743 1516 1941 1575 coetu
1975 1529 2109 1574 non
2139 1509 2384 1594 potuis-

367 1620 514 1679 sent
548 1633 672 1678 nec
713 1609 1047 1678 aedificari
1085 1630 1208 1676 nec
1246 1611 1695 1697 frequentar13
1739 1631 1823 1676 ex
1863 1631 1995 1697 quo
2031 1609 2211 1696 leges
2250 1631 2383 1676 mo-

367 1736 600 1801 resque
643 1713 1007 1796 constituti,
1046 1720 1189 1778 tum
1235 1713 1398 1779 iuris
1442 1733 1650 1800 aequa
1692 1712 2032 1800 discriptio
2073 1719 2421 1799 certaque„

369 1816 638 1882 vivendi
675 1815 1060 1903 disciplina3
1104 1837 1269 1902 quas
1303 1837 1408 1882 res
1442 1825 1510 1882 et
1539 1814 1975 1881 mansuetudo
2010 1815 2381 1881 animorum

367 1924 713 1985 consecuta
753 1924 823 1985 et
857 1916 1256 1984 verecundia
1298 1925 1397 1985 est
1431 1917 1896 2005 effectumque,
1924 1925 2003 1982 ut
2042 1924 2211 1982 esset
2247 1916 2384 1982 vita
2398 1938 2451 1980 15

367 2019 706 2101 munitior,
742 2027 942 2106 atque
983 2026 1062 2087 ut
1104 2019 1323 2086 dando
1375 2027 1442 2086 et
1486 2019 1867 2106 accipiendo
1918 2019 2385 2106 mutandisque

366 2119 794 2189 facultatibus
822 2129 892 2186 et
919 2121 1284 2189 commodis
1311 2121 1495 2188 nulla
1525 2143 1595 2188 re
1624 2143 1987 2209 egeremus,

452 2221 814 2309 Longiores
848 2222 972 2290 hoc
1006 2222 1152 2290 loco
1191 2245 1438 2308 sumus,
1470 2245 1667 2310 quam
1705 2245 1964 2290 necesse
2007 2229 2126 2289 est.
2216 2223 2384 2302 Quis

367 2331 468 2390 est
517 2325 717 2408 enim,
762 2325 871 2391 cui
920 2346 1056 2392 non
1107 2326 1454 2412 perspicua
1502 2326 1637 2392 sint
1686 2325 1821 2409 illa,
1864 2347 2033 2413 quae
2082 2325 2385 2413 pluribus

365 2427 589 2494 verbis
643 2443 684 2492 a
732 2426 1050 2495 Panaetio
1108 2435 1729 2514 commemorantur,
1774 2429 2112 2494 neminem
2167 2449 2452 2516 nequem

366 2530 607 2598 ducem
642 2529 800 2597 belli
841 2551 966 2599 nec
1008 2529 1378 2620 principem
1413 2531 1613 2596 domo
1650 2551 1919 2618 magnas
1962 2551 2065 2596 res
2108 2537 2177 2596 et
2218 2531 2386 2596 salu·

366 2641 542 2698 tares
591 2631 735 2700 sine
783 2631 1132 2700 hominum
1185 2633 1421 2699 studiis
1477 2654 1705 2720 gerere
1754 2632 2089 2720 potuisse?
2191 2632 2384 2699 Gom-

367 2741 774 2804 memoratur
815 2735 900 2820 ab
948 2755 1028 2801 eo
1072 2734 1567 2818 Themistocles,
1599 2735 1909 2818 Pericles,
1942 2735 2177 2821 GyruS,
2208 2729 2387 2822 Age-

365 2835 588 2919 silauS,
607 2834 1008 2920 Alexander,
1030 2858 1196 2925 quos
1223 2844 1425 2924 negat
1446 2837 1587 2902 sine
1616 2836 2015 2904 adiumentis
2036 2835 2385 2903 hominum

368 2944 585 3004 tantas
627 2958 732 3004 res
781 2937 1038 3006 efficere
1081 2939 1393 3029 potuisse.
1480 2937 1719 3005 Utitur
1766 2939 1837 3004 in
1882 2961 1955 3006 re
2004 2961 2139 3006 non
2184 2938 2454 3006 dubiam
2534 2928 2536 2931 ’

370 3041 649 3107 testibus
674 3061 826 3108 non
853 3042 1266 3134 necessariis.
1355 3041 1589 3128 Atque
1633 3049 1709 3108 ut
1752 3063 2022 3128 magnas
2062 3040 2385 3107 utilitates

371 3143 822 3232 adipiscimur*
851 3145 1334 3232 conspiratione
1386 3143 1737 3211 hominum
1784 3153 1986 3232 atque
2040 3163 2383 3226 consensu,

369 3246 462 3314 sic
503 3245 688 3314 nulla
730 3253 869 3312 tam
913 3245 1317 3314 detestabilis
1351 3247 1553 3333 pestis
1595 3253 1714 3330 est,
1744 3267 1915 3334 quae
1954 3267 2091 3312 non
2126 3244 2386 3312 homini

370 3351 454 3416 ab
488 3349 758 3422 homine
796 3355 1117 3417 nascatur.
1203 3347 1324 3414 Est
1359 3348 1747 3416 Dicaearchi
1781 3348 1949 3415 liber
1987 3348 2071 3415 de
2110 3349 2387 3416 interitu

369 3451 740 3534 hominum,
776 3449 1204 3538 Peripatetici
1246 3452 1475 3539 magni
1522 3459 1591 3519 et
1634 3451 1899 3539 copiosi,
1934 3450 2055 3536 qui
2098 3452 2455 3519 collectisso
2538 3539 2540 3542 Α

370 3554 603 3620 ceteris
631 3552 840 3621 causis
862 3552 1205 3636 eluvioniS,
1225 3555 1660 3644 pestilentiae,
1680 3552 2022 3636 vastitatiS,
2041 3553 2385 3619 beluarum

371 3653 572 3719 etiam
623 3653 1008 3742 repentinae
1055 3654 1525 3740 multitudinis,
1562 3675 1843 3741 quarum
1893 3653 2165 3739 impetu'
2192 3651 2387 3718 docet
