2867 4334
959 415 1094 465 Lm.
1136 416 1210 466 11.
1283 413 1565 478 cA1¹.·21,
1597 418 1675 467 22.
1750 414 1779 477 ς
1816 418 1995 468 72-77.
2365 413 2490 478 109

474 574 574 634 est
603 567 672 631 in
705 565 887 632 omni
919 564 1380 652 procuratione
1413 564 1667 652 negotii
1694 572 1764 631 et
1790 564 2085 631 muneris
2114 565 2385 653 publici,
2409 574 2488 633 ut

474 668 784 734 avaritiae
815 665 1101 754 pellatur
1135 667 1339 732 etiam
1376 666 1655 732 minima
1687 667 1992 754 suspicio.
2085 673 2123 705 “
2144 667 2485 751 Utinam‚”

474 772 692 858 inquit
717 770 791 836 O.
820 769 1101 836 Pontius
1127 768 1407 850 Samnis,
1442 772 1483 806 “
1502 768 1587 834 ad
1615 769 1729 835 illa
1753 778 2051 856 tempora
2080 793 2187 836 me
2217 771 2489 837 fortuna

475 873 934 940 reservavisset
963 880 1032 937 et
1063 879 1206 937 tum
1243 893 1449 938 essem
1490 879 1702 955 natus,
1747 874 2014 958 quando
2057 873 2345 941 Romani
2388 895 2488 940 ac-

431 978 690 1065 ccipere
726 976 900 1042 dona
942 974 1348 1062 coepissent!
1393 995 1531 1039 non
1576 995 1785 1040 essem
1832 997 2056 1062 passus
2092 976 2343 1042 diutius
2377 998 2487 1043 eos

473 1078 860 1168 imperare.’'
927 1076 1038 1144 Ne
1068 1076 1168 1142 illi
1197 1076 1409 1141 multa
1446 1078 1703 1142 saecula
1724 1078 2159 1164 exspectanda
2180 1079 2486 1161 fuerunt3
2564 1153 2571 1158 ³

474 1183 670 1247 modo
700 1181 879 1246 enim
915 1179 1043 1247 hoc
1077 1179 1327 1245 malum
1376 1179 1444 1242 in
1484 1178 1653 1245 hanc
1687 1202 1825 1245 rem
1856 1180 2187 1266 publicam
2224 1181 2486 1247 invasit.

475 1283 714 1370 Itaque
748 1283 945 1348 facile
976 1283 1190 1370 patior
1224 1290 1369 1349 tum
1407 1282 1630 1370 potius
1674 1281 1995 1348 Pontium
2033 1283 2256 1367 fuisse,
2289 1285 2487 1372 siqui-

476 1386 626 1452 dem
658 1386 726 1450 in
760 1384 878 1452 illo
907 1393 1167 1450 tantum
1210 1384 1346 1450 fuit
1389 1384 1661 1449 roboris.
1750 1382 2076 1450 Nondum
2119 1395 2386 1451 centum
2419 1395 2487 1452 ct

407 1487 702 1552 1odeccm
739 1486 896 1552 anni
932 1494 1105 1570 sunt,
1144 1507 1295 1552 cum
1332 1485 1416 1551 de
1452 1485 1752 1573 pecuniis
1788 1487 2173 1573 repetundis
2207 1509 2245 1552 a
2273 1487 2347 1554 L.
2379 1488 2489 1553 Pi-

476 1611 633 1656 sone
681 1588 813 1656 lata
863 1590 972 1654 lcx
1015 1597 1134 1672 est,
1181 1589 1364 1654 nulla
1409 1596 1603 1654 antea
1645 1610 1797 1654 cum
1843 1590 2097 1656 fuisset.
2188 1589 2286 1655 At
2332 1613 2487 1656 vero

473 1702 698 1779 postea
728 1701 829 1759 tot
857 1691 1038 1778 leges
1069 1700 1134 1757 et
1166 1713 1527 1778 proxumae
1557 1713 1860 1778 quaeque
1890 1692 2205 1776 duriores,
2238 1701 2339 1759 tot
2370 1694 2483 1776 rei,

474 1804 573 1860 tot
609 1795 925 1877 damnati,
962 1801 1222 1859 tantum
1261 1792 1625 1880 [Italicum]
1666 1795 1917 1860 bellum
1953 1805 2228 1882 propter
2260 1795 2488 1862 iudici-

473 1919 663 1964 orum
694 1905 950 1963 metum
987 1897 1370 1979 cxcitatum,
1402 1905 1587 1962 tanta
1622 1897 1893 1963 sublatis
1923 1898 2180 1986 legibus
2215 1905 2281 1964 et
2316 1899 2489 1964 iudi-

407 2001 592 2066 usciis
627 1999 942 2087 expilatio
978 1999 1396 2087 direptioque
1434 2000 1780 2082 sociorum,
1812 2009 1889 2066 ut
1917 2001 2346 2068 inbecillitate
2374 2002 2486 2067 ali-

475 2123 686 2184 orum,
742 2124 874 2167 non
925 2109 1144 2167 nostra
1194 2102 1441 2167 virtute
1489 2101 1841 2168 valeamus.
1929 2101 2184 2170 Laudat
2229 2077 2580 2221 Africa-272

475 2226 638 2270 num
668 2204 1042 2287 PanaetiuS,
1067 2203 1247 2291 quod
1274 2203 1483 2270 fuerit
1518 2204 1869 2270 abstinens.
1933 2203 2187 2282 Quidni
2218 2206 2485 2272 laudet?
2546 2168 2581 2222 6

476 2306 608 2372 Sed
638 2307 709 2371 in
739 2305 855 2372 illo
884 2305 1010 2371 alia
1045 2307 1336 2388 maiora3
1383 2305 1523 2371 laus
1558 2306 1992 2372 abstinentiae
2027 2328 2160 2371 non
2196 2307 2486 2374 hominis

474 2417 574 2474 est
602 2408 837 2491 solum,
871 2408 984 2474 sed
1021 2408 1220 2474 etiam
1253 2416 1631 2494 temporum
1658 2407 1947 2473 illorum.
2040 2407 2241 2472 Omni
2273 2408 2484 2474 Mace-

406 2511 722 2577 aodonum
758 2532 938 2598 gaza,
968 2533 1136 2596 quae
1168 2509 1301 2575 fuit
1332 2509 1638 2592 maxima,
1662 2509 1913 2596 potitus
1944 2508 2194 2574 Paulus
2224 2517 2483 2576 tantum

474 2615 541 2679 in
602 2614 928 2680 aerarium
986 2614 1306 2699 pecuniae
1369 2612 1647 2694 invexit,
1706 2619 1785 2676 ut
1840 2611 2038 2676 unius
2094 2612 2485 2701 inperatoris

475 2717 715 2804 praeda
757 2717 962 2782 finem
1009 2715 1308 2781 attulerit
1353 2716 1778 2781 tributorum.
1866 2717 1965 2780 At
2008 2713 2120 2780 hic
2164 2714 2332 2781 nihil
2376 2717 2486 2783 do-

475 2842 660 2885 mum
687 2803 871 2886 suam
898 2818 1128 2884 intulit
1151 2826 1410 2904 praeter
1433 2818 1815 2884 memoriam
1842 2819 2127 2886 nominis
2148 2820 2485 2908 sempiter-

475 2945 648 2988 nam.
739 2921 1050 2988 Imitatus
1093 2929 1350 3007 patrem
1394 2921 1762 2988 Africanus
1820 2920 2032 2987 nihilo
2092 2922 2486 3011 locupletior

405 3025 875 3113 mOarthagine
906 3045 1148 3090 eversa.
1218 3022 1443 3101 Quid?
1479 3024 1593 3109 qui
1624 3024 1766 3090 eius
1796 3024 2043 3112 collega
2072 3025 2207 3090 fuit
2237 3016 2317 3090 in·
2338 3049 2485 3094 ceu·

471 3149 639 3212 sura,
676 3126 750 3192 L.
788 3125 1175 3206 Mummius,
1206 3125 1530 3211 numquid
1566 3125 1910 3212 copiosior,
1942 3148 2095 3192 cum
2129 3129 2485 3214 copiosissi-

471 3251 648 3296 mam
680 3229 911 3295 urbem
935 3227 1243 3293 funditus
1265 3227 1673 3293 sustulisset?
1738 3226 1999 3293 Italiam
2034 3250 2263 3294 ornare
2286 3251 2481 3315 quam

473 3332 742 3398 domum
775 3353 958 3396 suam
999 3329 1272 3412 maluit3
1317 3350 1722 3416 quamquam
1758 3327 1954 3394 Italia
1989 3338 2217 3394 ornata
2251 3330 2485 3397 domus

473 3435 614 3520 ipsa
647 3432 811 3498 mihi
838 3433 1105 3498 videtur
1134 3431 1447 3498 ornatior.
1535 3429 1820 3496 Nullum
1856 3429 2064 3516 igitur
2089 3430 2325 3495 vitium
2358 3439 2484 3498 tae·
2506 3439 2579 3498 77

406 3558 460 3599 so
476 3535 642 3600 trius
664 3542 784 3617 est,
806 3543 885 3601 ut
905 3557 1004 3617 eo,
1029 3533 1208 3600 unde
1229 3553 1489 3620 egressa
1517 3539 1635 3612 est,
1667 3528 1911 3596 referat
1940 3551 2008 3596 sc
2032 3530 2260 3614 oratio,
2286 3554 2485 3617 quam

471 3637 768 3720 avaritia,
815 3636 1200 3724 praesertim
1250 3635 1320 3699 in
1375 3632 1790 3722 principibus
1840 3640 1908 3698 et
1960 3654 2101 3698 rem
2153 3634 2485 3720 publicam

471 3739 1018 3826 gubernantibus.
1107 3737 1376 3805 Habere
1428 3737 1607 3806 enim
1646 3737 1945 3823 quaestui
1980 3755 2120 3802 rem
2153 3738 2487 3824 publicam
