2867 4334
392 413 476 476 82
1177 404 1280 466 DE
1323 404 1634 465 OFFIOIIS

325 529 368 672 39
476 557 793 645 Quinque
848 555 1058 643 igitur
1114 554 1481 620 rationibus
1536 553 1889 641 propositis
1947 554 2146 622 officii
2199 568 2410 644 persev

389 660 656 748 quendi,
684 677 964 746 quarum
996 657 1164 723 duae
1198 657 1282 723 ad
1312 657 1515 723 decus
1549 656 2093 750 honestatemque
2128 660 2411 746 pertine-

387 769 558 846 rent,
589 760 760 827 duae
802 761 886 826 ad
931 758 1276 826 commoda
1319 759 1516 841 vitae,
1554 760 1792 846 copias,
1830 781 2007 847 opes,
2038 761 2409 844 facultates,

389 866 625 951 quinta
667 864 750 930 ad
793 862 1085 950 eligendi
1127 861 1469 945 iudicium,
1501 862 1557 927 si
1602 863 1867 948 quando
1912 885 2005 946 ea,
2038 885 2204 950 quae
2248 865 2407 947 dixi,

389 987 686 1054 pugnare
729 967 906 1031 iuter
947 986 1018 1031 se
1062 964 1466 1048 viderentur,
1503 963 1864 1031 honestatis
1909 987 2059 1053 pars
2109 966 2410 1033 confecta
2452 985 2480 1026 υ

389 1076 508 1152 est,
547 1090 748 1156 quam
800 1068 1072 1156 quidem
1124 1068 1248 1133 tibi
1301 1067 1497 1154 cupio
1548 1089 1689 1134 esse
1738 1068 2167 1134 notissimam.
2255 1067 2409 1134 Hoc

388 1180 630 1255 autem,
662 1171 746 1238 de
789 1191 922 1257 quo
964 1191 1143 1237 nune
1184 1168 1463 1258 agimuS,
1493 1169 1565 1236 id
1608 1171 1827 1258 ipsum
1872 1177 1989 1252 est,
2021 1170 2203 1258 quod
2245 1170 2411 1236 utile

388 1274 777 1362 appellatur.
864 1271 947 1339 In
980 1293 1114 1361 quo
1143 1274 1346 1340 vei-bo
1377 1273 1560 1360 lapsa
1588 1273 1995 1341 consuetudo
2026 1273 2298 1341 deflexit
2327 1275 2411 1340 de

390 1379 500 1444 via
521 1379 896 1463 sensimque
926 1396 1005 1443 eo
1027 1376 1311 1442 deducta
1340 1383 1458 1459 est,
1479 1385 1555 1442 ut
1577 1375 1989 1444 honestatem
2020 1377 2104 1444 ab
2127 1377 2412 1448 utilitate

392 1501 736 1548 secernens
767 1478 1194 1546 constitueret
1217 1499 1356 1544 esse
1378 1477 1729 1545 honestum
1752 1479 2027 1565 aliquid,
2044 1480 2222 1566 quod
2247 1479 2410 1546 utile
2428 1499 2480 1540 ιο

394 1605 530 1650 nou
563 1588 752 1664 esset,
783 1589 853 1647 et
886 1580 1072 1664 utile,
1097 1581 1276 1668 quod
1311 1601 1445 1647 non
1484 1580 1856 1664 honestum,
1880 1603 2012 1668 qua
2051 1580 2234 1646 nulla
2268 1603 2411 1668 per·

297 1696 374 1750 10
394 1687 600 1753 uicies
650 1685 860 1752 maior
904 1683 1251 1749 hominum
1296 1683 1474 1749 vitae
1523 1685 1744 1771 potuit
1788 1682 2028 1749 afferri.
2136 1683 2411 1750 Summa

394 1787 667 1876 quidem
720 1786 1108 1852 auctoritate
1150 1784 1527 1873 philosophi
1576 1807 1801 1851 severe
1854 1807 2007 1851 sane
2058 1792 2257 1872 atque
2300 1785 2412 1852 ho-

393 1897 578 1957 neste
607 1888 770 1954 haec
798 1888 925 1952 tria
953 1909 1196 1974 genera
1225 1887 1502 1954 confusa
1536 1887 1937 1973 cogitatione
1965 1887 2407 1975 distinguunt.

399 1991 763 2078 [Quicquid
793 1990 976 2056 enim
1003 1992 1253 2056 iustum
1289 1991 1394 2074 sit,
1417 1991 1492 2056 id
1520 1991 1716 2057 etiam
1750 1989 1914 2058 utile
1943 2012 2083 2058 esse
2119 2000 2479 2074 censent,15

393 2089 689 2181 itemque
731 2094 910 2180 quod
951 2093 1322 2177 honestum,
1353 2093 1535 2160 idem
1579 2094 1867 2177 iustum3
1912 2115 1999 2160 ex
2043 2116 2175 2181 quo
2201 2094 2413 2163 effici-

393 2206 521 2281 tur,
555 2203 649 2281 ut,
682 2196 1000 2283 quiequid
1036 2196 1389 2263 honestum
1426 2197 1532 2280 sit,
1566 2196 1743 2262 idem
1786 2197 1872 2263 sit
1907 2196 2121 2282 utile]
2214 2197 2412 2276 Quod

392 2300 510 2388 qui
552 2321 788 2387 parum
835 2299 1266 2387 perspiciunt,
1301 2299 1353 2363 ii
1405 2320 1599 2386 saepe
1650 2306 1951 2365 versutos
1994 2299 2294 2367 homines
2345 2309 2413 2366 et

392 2402 662 2470 callidos
683 2402 1080 2468 admirantes
1099 2401 1416 2468 malitiam
1442 2401 1832 2489 sapientiam
1851 2400 2162 2468 iudicant.
2238 2402 2414 2481 Quo-

392 2528 541 2572 rum
572 2528 754 2573 error
775 2505 1156 2592 eripiendus
1185 2512 1284 2572 est
1307 2505 1667 2592 opinioque
1697 2503 1913 2570 omnis
1942 2504 2024 2570 ad
2047 2526 2192 2570 eam
2224 2527 2408 2592 spem
2427 2524 2479 2564 2⁰

394 2613 814 2694 traducenda,
850 2619 928 2676 ut
972 2610 1264 2677 honestis
1315 2611 1603 2677 consiliis
1653 2610 1975 2697 iustisque
2026 2610 2238 2693 factis,
2276 2631 2411 2677 non

392 2714 630 2780 fraude
669 2721 737 2779 et
773 2713 1026 2778 malitia
1065 2734 1135 2779 se
1170 2713 1562 2800 intellegant
1596 2734 1691 2794 ea,
1724 2734 1892 2799 quae
1933 2711 2163 2797 velint,
2194 2735 2413 2780 conse-

300 2815 512 2901 11qui
562 2836 770 2900 posse.
862 2813 1049 2892 Quae
1099 2835 1258 2900 ergo
1309 2812 1390 2878 ad
1442 2814 1649 2879 vitam
1696 2813 2043 2881 hominum
2096 2816 2413 2882 tuendam

394 2917 750 3002 pertinent,
771 2915 1017 3003 partim
1046 2923 1200 2980 sunt
1230 2915 1541 2998 inanima,
1564 2923 1639 2981 ut
1668 2937 1923 3000 aurum,
1948 2927 2316 3006 argentum,
2334 2927 2415 2985 ut

395 3039 492 3101 ea,
529 3038 696 3103 quae
746 3017 1118 3104 gignuntur
1166 3037 1205 3082 e
1251 3024 1441 3099 terra,
1479 3028 1557 3083 ut
1606 3017 1734 3084 alia
1783 3021 2045 3105 generis
2094 3021 2481 3104 eiusdem,w

393 3119 639 3208 partim
683 3117 1012 3201 animalia,
1049 3141 1216 3206 quae
1260 3119 1509 3187 habent
1552 3141 1702 3187 suos
1745 3122 2034 3208 impetus
2080 3131 2148 3187 et
2189 3143 2412 3187 rerum

394 3222 747 3310 appetitus.
835 3220 1088 3288 Eorum
1138 3229 1361 3290 autem
1405 3223 1533 3290 alia
1575 3225 1850 3290 rationis
1898 3224 2195 3311 expertia
2236 3233 2413 3308 sunt,

394 3326 523 3393 alia
556 3325 811 3392 ratione
845 3325 1140 3408 utentia3
1184 3334 1489 3414 expertes
1524 3327 1797 3394 rationis
1832 3327 2005 3413 equi,
2028 3327 2247 3410 boves,
2274 3327 2416 3393 reli-

394 3452 566 3518 quae
594 3428 899 3518 pecudes,
929 3431 1161 3517 [apes‚]
1196 3451 1477 3517 quarum
1508 3451 1705 3517 opere
1734 3429 2015 3496 efficitur
2048 3431 2301 3519 aliquid
2330 3431 2414 3496 ad

397 3554 590 3598 usum
626 3532 971 3599 hominum
1009 3541 1208 3619 atque
1238 3533 1485 3617 vitam3
1532 3533 1785 3599 ratione
1820 3540 2043 3599 autem
2080 3533 2411 3599 utentium
2426 3553 2478 3593 30

396 3635 530 3700 duo
563 3656 806 3722 genera
840 3645 1119 3723 ponunt,
1150 3636 1426 3702 deorum
1464 3658 1693 3719 unum,
1724 3635 2008 3702 alterum
2043 3635 2411 3701 hominum.

395 3735 577 3804 Deos
605 3736 890 3824 placatos
912 3738 1122 3825 pietas
1152 3737 1388 3805 efficiet
1417 3744 1488 3803 et
1514 3737 1842 3820 sanctitas,
1861 3737 2163 3823 proxime
2192 3740 2415 3802 autem
