2867 4334
879 377 1020 430 Lm.
1050 377 1154 430 111.
1223 375 1380 430 CAP.
1411 377 1594 430 30-32.
1666 376 1697 440 ἓ
1732 379 1971 429 109-113.
2306 377 2433 442 165

421 528 566 595 lum
595 526 679 594 ad
708 526 1149 613 astrigendam'
1183 525 1386 595 fidem
1403 527 1567 596 :iure
1594 527 1874 594 iurando
1902 526 2187 594 maiores
2227 526 2434 595 artius

424 651 560 698 esse
590 629 964 717 voluerunt.
1051 628 1135 696 Id
1163 629 1469 696 iudicant.
1488 628 1666 715 leges
1693 629 1765 694 in
1796 629 2431 713 duodecim'tabulis,

423 731 720 798 indicant
761 738 1066 813 sacratae,
1097 730 1391 796 indicant
1433 730 1723 813 foedera,
1754 730 1995 817 quibus
2036 731 2235 799 etiam
2278 752 2434 798 cum

425 834 610 900 hoste
639 833 1017 900 devincitur
1049 831 1234 916 fides,
1261 832 1563 899 indicant
1596 833 1899 898 notiones
1932 833 2435 901 animadversio-

376 955 669 1024 snesque
699 957 1060 1018 censorum,
1091 935 1209 1021 qui
1245 933 1430 1001 nulla
1459 933 1543 999 de
1572 956 1643 999 re
1678 933 2062 1022 diligentius
2105 956 2304 1022 quam
2348 936 2432 1002 de

425 1040 568 1104 iure
610 1036 888 1104 iurando
932 1035 1328 1102 iudicabant.
1415 1035 1493 1101 L.
1524 1034 1779 1101 Manlio
1807 1036 1896 1102 A.
1926 1035 2003 1119 f„
2033 1058 2187 1105 cum
2234 1036 2433 1104 'dicta-
2454 1048 2567 1102 112

423 1149 544 1208 tor.
573 1139 830 1220 fuisset,
873 1137 972 1204 M.
1005 1137 1415 1224 Pomponius
1456 1145 1537 1203 tr.
1569 1137 1661 1225 pl.
1702 1138 1881 1204 diem
1923 1138 2115 1222 dixit,
2156 1138 2335 1224 quod
2379 1140 2436 1204 is

426 1263 670 1329 paucos
713 1241 842 1308 sibi
887 1239 1027 1306 dies
1071 1239 1153 1306 ad
1197 1239 1589 1307 dictaturam
1633 1239 1992 1327 gerendam
2036 1238 2433 1321 addidisset3

425 1343 895 1412 criminabatur
923 1343 1143 1426 etiam,
1175 1341 1354 1429 quod
1385 1341 1623 1408 Titum?
1646 1341 1882 1432 filium,
1912 1342 2030 1429 qui
2064 1349 2311 1428 ‘postea
2334 1350 2435 1408 est

358 1467 410 1510 ιο
427 1446 802 1534 Torquatus
827 1444 1228 1533 appellatus,
1251 1446 1335 1512 ab
1363 1443 1755 1512 ‘hominibus
1792 1444 2143 1532 relegasset
2184 1450 2255 1511 et
2295 1443 2435 1511 ruri

425 1549 720 1620 habitare
775 1549 1085 1616 iussisset.
1173 1547 1372 1626 Qu'od
1429 1570 1583 1616 cum
1644 1547 2001 1614 audivisset
2057 1546 2436 1614 adulescens

421 1650 621 1735 filius,
666 1651 1010 1738 negotium
1055 1650 1354 1720 exhiberi
1402 1651 1597 1739 patri,
1642 1650 1995 1721 accurrisse
2036 1649 2323 1718 Romam
2365 1656 2436 1718 et

425 1775 574 1824 cum
607 1754 825 1844 primo
854 1753 985 1823 luci
1016 1752 1348 1842 Pomponi
1377 1754 1661 1822 domum·
1682 1754 1941 1822 'venisse
1969 1753 2233 1822 dicitur.
2282 1752 2434 1819 'Oui

425 1878 575 1924 cum
619 1864 790 1926 esset
833 1856 1236 1938 nuntiatum,
1270 1858 1390 1944 qni
1432 1857 1627 1925 illum
1668 1856 1912 1924 iratum
1954 1856 2315 1926 allaturum·
2348 1855 2433 1923 ad

359 1980 496 2026 usse
523 1958 775 2044 aliq-uid
803 1967 1033 2025 contra
1060 1967 1311 2046 patrem
1343 1961 1793 2046 arbitraretur,
1814 1960 2100 2030 surrexit
2126 1982 2165 2028 e
2193 1959 2435 2030 lectulo

426 2061 835 2146 remotisque
873 2061 1136 2150 arbitris
1178 2061 1260 2130 ad
1303 2083 1374 2129 se
1417 2063 1903 2136 adulescentem
1955 2065 2145 2131 iussit
2185 2064 2431 2134 venire.

427 2164 528 2229 At
559 2161 692 2246 ille,
725 2169 802 2228 ut
831 2163 1161 2250 ingressus
1195 2169 1315 2246 est,
1351 2166 1705 2232 confestim.
1745 2166 2041 2252 gladium
2086 2167 2437 2235 destrinxit

429 2265 804 2353 iuravitque
832 2285 902 2332 se
931 2263 1124 2330 illum
1153 2264 1374 2331 statim
1398 2266 1924 2351 interfecturum,
1948 2267 2077 2334 nisi
2099 2268 2202 2334 ius
2222 2269 2437 2336 iurau-

417 2368 592 2436 dum
646 2367 773 2433 sibi
819 2367 1223 2434 dedisset'se
1273 2373 1529 2454 patrem
1578 2367 1851 2432 missum
1896 2390 2035 2434 esse
2079 2369 2434 2435 facturum.

361 2469 688 2536 squravit
721 2469 845 2536 h'oc
872 2478 1122 2535 terrore
1151 2477 1414 2536 coactus
1441 2468 1889 2555 Pomponius3
1932 2491 2073 2534 rem
2107 2469 2192 2534 ad
2226 2490 2438 2556 popu-

431 2574 572 2639 lum
603 2572 865 2655 detulit,
894 2571 1138 2654 docuit,
1169 2591 1299 2636 cur·
1314 2570 1443 2655 sibi
1470 2591 1664 2637 causa
1698 2570 2011 2637 desistere
2044 2591 2305 2638 necesse
2345 2592 2437 2636 es-

431 2683 556 2759 set,
584 2673 914 2764 Manlium
954 2672 1226 2740 missum
1263 2671 1445 2741 fecit.
1535 2672 1823 2739 Tantum
1860 2673 2267 2760 temporibus
2308 2671 2439 2741 illis

431 2777 536 2843 ius
577 2777 929 2843 iurandum
974 2776 1254 2844 valebat.
1340 2775 1573 2866 Atque
1616 2775 1729 2843 hic
1772 2776 1849 2843 T.
1884 2774 2189 2864 Manlius
2219 2775 2275 2842 is
2318 2784 2437 2858 est,

433 2879 552 2966 ‘qui
585 2880 668 2946 ad
698 2879 1030 2946 Anienem
1067 2877 1268 2962 Galli,
1299 2886 1500 2966 quem
1536 2879 1619 2947 ab
1654 2901 1734 2946 eo
1766 2887 2159 2968 provocatus
2191 2879 2441 2949 occide·

365 2991 556 3065 wrat,
587 2982 1147 3070 toi-quedetracto
1177 3002 1543 3069 cognomen
1566 2982 1845 3067 invenit,
1870 2983 2053 3051 cuius
2076 2984 2271 3053 tertio
2292 2995 2442 3052 con-

433 3085 649 3153 sulatu
679 3085 899 3154 Latini
930 3085 1014 3152 ad
1048 3084 1374 3154 Veserim
1383 3085 1521 3154 fusi
1550 3093 1619 3154 e't
1648 3085 1893 3174 fugati,
1923 3097 2201 3173 'magnus
2228 3086 2335 3154 vir
2368 3087 2437 3154 in

433 3189 664 3274 'primis
703 3197 833 3272 et,
848 3189 965 3274 q'ui
1017 3187 1493 3276 perindulgens
1542 3189 1611 3304 in
1661 3199 1967 3312 patrem,
1980 3189 2161 3255 idem
2211 3189 2441 3256 acerbe

435 3308 701 3360 severus
727 3290 800 3356 in
834 3291 1070 3356 filium.

437 3423 442 3430 ·
522 3391 674 3474 Sed,
719 3401 796 3460 ut
839 3371 1204 3460 lau-dandus
1247 3347 1603 3480 Regulus
1581 3413 1653 3457 m
1688 3391 2189 3458 conservando
2168 3411 2323 3458 mre·
2344 3390 2441 3456 iu-

369 3493 662 3576 aoraudO,
709 3495 804 3560 sic
853 3495 1101 3562 decem
1129 3495 1250 3576 illi,
1292 3515 1457 3586 quos
1494 3501 1645 3580 post
1690 3495 2101 3560 Cannensem
2144 3513 2441 3581 pugnam

437 3594 682 3662 iuratos
711 3596 794 3661 ad
830 3605 1129 3663 senatum
1161 3596 1341 3660 misit
1370 3593 1710 3660 Hannibal
1746 3616 1815 3660 se
1850 3596 1921 3660 in
1958 3596 2443 3663 castrareditu-

434 3717 544 3764 ros
571 3719 667 3782 ea,
699 3719 986 3787 quorum
1017 3705 1210 3765 erant
1242 3697 1443 3786 potiti
1477 3695 1713 3783 ᾙοθηί,
1741 3696 1873 3784 nisi
1915 3697 2445 3784 deyedimendis
2518 3711 2525 3716 '

2471 3354 2560 3421 ³2

2461 3444 2577 3498 113
