2867 4334
924 377 1065 428 LIB.
1103 377 1209 429 111.
1277 375 1439 428 CAP.
1480 379 1561 440 11,
1594 380 1675 428 12.
1746 377 1776 439 ἓ
1810 379 1991 430 47-52.
2340 381 2466 445 141

455 527 1112 595 animadvertendum
1145 526 1251 608 sit,
1282 533 1693 614 repugnetne
1727 525 1925 613 plane
1960 548 2043 592 an
2079 527 2287 615 possit
2316 549 2467 596 cnm

453 631 794 697 honestate
823 629 1158 716 coniungi.
1221 627 1385 693 Eius
1412 629 1676 715 generis
1704 627 1825 694 hae
1846 637 2003 694 sunt
2025 631 2467 716 quaestiones:

455 733 509 798 si
540 731 829 819 exempli
857 731 1070 818 gratia
1107 730 1211 794 vir
1245 731 1458 796 bonus
1488 729 1911 796 Alexandrea
1937 730 2257 798 Rhodum
2293 754 2471 821 mag-

455 857 616 899 num
645 832 972 899 frumenti
1012 853 1366 898 numerum
1410 832 1753 898 advexerit
1794 833 1864 896 in
1912 832 2331 900 Rhodiorum
2377 836 2472 900 in-

412 937 606 1022 sopia
634 943 702 1000 et
731 935 911 1001 fame
939 954 1328 1020 summaque
1363 955 1663 1009 annonae
1692 935 1979 1019 caritate,
2010 936 2067 1002 si
2096 937 2274 1003 idem
2307 937 2470 1004 sciat

455 1038 823 1125 complures
859 1043 1250 1103 mercatores
1279 1036 1703 1102 Alexandrea
1736 1038 2004 1104 solvisse
2039 1061 2369 1126 navesque
2397 1041 2466 1104 in

456 1163 649 1207 cursu
677 1140 1022 1206 frumento
1056 1143 1323 1204 onustas
1357 1145 1662 1225 petentes
1696 1138 2013 1204 Rhodum
2047 1141 2311 1225 viderit,
2342 1142 2469 1208 dic-

455 1251 730 1308 turusne
758 1243 845 1307 sit
874 1242 946 1308 id
979 1241 1261 1307 Rhodiis
1290 1262 1371 1306 an
1411 1239 1675 1306 silentio
1710 1261 1904 1306 suum
1940 1263 2139 1328 quam
2175 1242 2465 1330 plurimo

458 1345 868 1411 venditurus,
957 1344 1340 1430 Sapientem
1370 1351 1439 1409 et
1469 1345 1719 1410 bonum
1748 1343 1967 1409 virum
2004 1343 2349 1433 fingimus3
2386 1345 2471 1412 de

388 1448 599 1514 meins
634 1445 1105 1512 deliberatione
1135 1453 1202 1511 et
1225 1445 1707 1526 consultatione
1736 1446 2130 1532 quaerimus,
2162 1448 2279 1533 qui
2308 1446 2469 1513 cela·

457 1559 644 1616 turus
678 1548 978 1615 Rhodios
1006 1570 1139 1614 non
1177 1548 1285 1632 sit,
1313 1549 1368 1612 si
1404 1547 1475 1613 id
1513 1556 1708 1634 turpe
1744 1548 2009 1631 iudicet,
2039 1549 2154 1615 sed
2190 1551 2467 1633 dubitet,

456 1675 536 1717 an
573 1661 766 1740 turpe
798 1673 932 1717 non
961 1652 1066 1716 sit.
1155 1650 1239 1716 In
1271 1650 1470 1715 huius
1504 1651 1689 1716 modi
1724 1651 1928 1717 causis
1963 1650 2143 1716 aliud
2178 1651 2467 1739 Diogeni
2488 1665 2559 1719 51

457 1754 825 1840 Babylonio
877 1753 1090 1820 videri
1134 1753 1320 1836 solet,
1367 1774 1610 1840 magno
1652 1761 1723 1819 et
1764 1754 1951 1840 gravi
1998 1754 2240 1838 Stoice,
2286 1755 2466 1820 aliud

460 1859 842 1945 AntipatrO,
887 1856 1212 1944 discipulo
1262 1856 1423 1939 εἰπε,
1476 1855 1731 1922 homini
1787 1857 2181 1924 acutissimo.
2271 1859 2468 1923 Anti-

389 1988 441 2029 ιε,
461 1969 645 2047 patro
687 1960 911 2026 omnia
960 1958 1437 2046 patefacienda,
1467 1967 1545 2024 ut
1593 1980 1680 2025 ne
1730 1951 1893 2045 quid
1944 1961 2237 2044 omnino,
2288 1961 2471 2048 quod

462 2062 771 2128 venditor
819 2063 1016 2144 norit,
1061 2070 1324 2148 emptor
1364 2061 1647 2148 ignoret,
1696 2061 1988 2149 Diogeni
2034 2065 2467 2148 venditorem,

458 2174 784 2252 quatenus
817 2164 961 2230 iure
995 2164 1176 2230 civili
1219 2166 1655 2230 constitutum
1690 2165 1796 2248 sit,
1833 2164 2051 2231 dicere
2086 2167 2249 2231 vitia
2284 2189 2469 2254 opor-

458 2277 616 2351 tere,
639 2275 856 2334 cetera
881 2267 1024 2332 sine
1054 2267 1312 2332 insidiis
1339 2273 1535 2352 agere
1556 2274 1643 2350 et,
1666 2267 1980 2353 qnoniam
2012 2269 2273 2352 vendat,
2296 2268 2468 2334 velle

456 2393 653 2458 quam
674 2379 947 2458 optume
964 2370 1270 2436 vendere.
1341 2369 1679 2453 “Advexi,
1700 2369 2222 2456 exposui,vendo
2245 2392 2463 2441 meum

388 2496 592 2540 eonon
635 2471 846 2560 pluris
889 2493 1090 2559 quam
1142 2472 1365 2554 ceteri,
1405 2472 1685 2538 fortasse
1730 2471 1933 2537 etiam
1984 2471 2274 2550 minoris,
2318 2493 2463 2537 cum

457 2576 666 2641 maior
723 2583 822 2642 est
869 2575 1076 2661 copia.
1167 2574 1297 2640 Oui
1347 2571 1428 2639 fit
1478 2573 1720 2638 iniuria
1742 2572 1808 2638 φ’
1896 2571 2215 2654 Exoritur
2272 2572 2467 2638 Anti·
2486 2592 2561 2645 52

457 2679 636 2764 patri.
658 2678 826 2744 ratio
855 2699 938 2743 ex
969 2675 1174 2743 altera
1201 2684 1424 2764 parte:
1474 2676 1722 2754 “Quid
1765 2675 1901 2741 ais?
1946 2684 2021 2741 tu
2067 2696 2215 2742 cum
2261 2673 2469 2742 homi-

457 2781 652 2845 nibus
707 2778 1048 2846 consulere
1098 2779 1336 2850 debeas
1386 2785 1456 2844 et
1496 2778 1746 2846 servire
1798 2777 2125 2844 humanae
2174 2778 2468 2846 societati

457 2901 664 2966 eaque
713 2881 861 2967 lege
911 2888 1106 2946 natus
1154 2880 1243 2946 sis
1291 2888 1361 2946 et
1403 2901 1481 2946 ea
1525 2880 1761 2947 habeas
1806 2880 2129 2968 principia
2174 2891 2463 2968 naturae,

391 2983 698 3068 wquibus
725 3003 955 3070 parere
983 2990 1050 3048 et
1080 3002 1247 3068 quae
1277 2982 1749 3069 sequidebeas,
1775 2991 1851 3049 ut
1872 2983 2122 3050 utilitas
2152 2991 2264 3050 tua
2294 3007 2471 3051 com-

459 3086 678 3153 munis
706 3086 792 3151 sit
813 3084 1067 3150 utilitas
1088 3084 1507 3170 vicissimque
1536 3085 1909 3152 communis
1927 3086 2179 3152 utilitas
2213 3095 2330 3152 tua
2357 3088 2463 3170 sit,

458 3188 700 3254 celabis
727 3187 1048 3269 homines,
1073 3187 1235 3273 quid
1263 3186 1347 3251 iis
1367 3186 1538 3252 adsit
1560 3189 2044 3254 commoditatis
2067 3199 2135 3254 et
2157 3189 2384 3274 copiae
2396 3189 2463 3254 2’2

458 3288 914 3374 Respondebit
942 3287 1286 3376 Diogenes
1319 3288 1597 3355 fortasse
1632 3289 1761 3356 sic:
1795 3293 1835 3328 “
1855 3288 2067 3355 Aliud
2102 3295 2200 3353 est
2235 3287 2462 3371 celare,

459 3391 637 3455 aliud
669 3398 922 3474 tacere3
966 3412 1180 3478 neque
1210 3412 1335 3477 ego
1363 3412 1544 3458 nunc
1572 3399 1643 3458 te
1676 3391 1838 3473 cele,
1874 3392 1930 3456 si
1967 3390 2091 3456 tibi
2125 3410 2261 3455 non
2295 3389 2463 3472 dim,

391 3513 628 3579 aequae
669 3499 904 3558 natura
947 3493 1222 3559 deorum
1265 3494 1371 3575 sit,
1404 3494 1522 3580 qui
1566 3493 1652 3558 sit
1694 3493 1848 3558 finis
1899 3493 2245 3573 bonorum,
2295 3513 2465 3578 quae

458 3595 581 3662 tibi
629 3593 780 3682 plus
825 3594 1207 3682 prodessent
1251 3597 1517 3679 cognita
1559 3615 1757 3681 quam
1801 3594 2009 3660 tritici
2050 3591 2307 3675 vilitas;
2349 3595 2463 3659 sed

459 3718 614 3782 non,
651 3697 969 3784 quicquid
1012 3696 1142 3764 tibi
1184 3696 1414 3762 audire
1458 3697 1623 3763 utile
1654 3703 1775 3781 est,
1819 3697 1997 3766 idem
2040 3696 2208 3764 mibi
2248 3697 2469 3765 dicere
