2867 4334
1016 420 1156 471 LIB.
1195 415 1270 472 11.
1343 419 1501 472 CAP.
1542 407 1603 484 1,'
1628 421 1679 472 2.
1750 416 1781 482 5
1814 420 1930 471 3-3.
2396 419 2476 484 81

459 570 603 638 sine
638 566 779 635 arte
813 568 996 635 nulla
1031 562 1136 653 sit,
1161 569 1511 636 hominum
1548 575 1647 635 est
1679 590 1915 656 parum
1952 559 2356 636 considerate
2388 568 2481 635 10-

461 673 806 762 quentium
850 681 1051 760 atque
1085 674 1158 738 in
1193 671 1522 738 maxumis
1556 672 1750 738 rebus
1788 673 2171 739 errantium.
2261 673 2334 738 Si
2374 694 2480 738 au-

459 785 595 843 tem
627 784 726 842 est
755 775 974 862 aliqua
1003 776 1353 863 disciplina
1382 776 1669 858 virtutis,
1687 776 1803 843 ubi
1832 797 1909 842 ea
1938 783 2305 863 quaeretur,
2326 798 2479 842 cum

463 881 544 946 ab
574 879 701 946 hoc
734 880 1030 946 discendi
1064 869 1712 966 genere'disces'seris
1730 880 1761 945 2.
1842 879 1975 946 Sed
2004 871 2182 963 haec,
2208 902 2360 946 cum
2394 880 2480 945 ad

421 981 952 1069 §philosophiam
998 981 1435 1066 cohortamur,
1460 982 1833 1066 ‘accuratius
1877 983 2200 1069 disputari
2243 982 2477 1066 solent,

463 1085 641 1170 quod
679 1084 810 1150 alio
849 1084 1138 1171 quodam
1174 1085 1344 1151 libro
1384 1085 1706 1167 fecimus3
1751 1084 1878 1152 1106
1918 1075 2139 1151 autem
2182 1094 2480 1172 tempore

462 1183 724 1252 tantum
756 1187 948 1252 nobis
976 1186 1443 1253 declarandum
1472 1187 1629 1270 fuit,
1654 1208 1773 1253 cur
1808 1187 2021 1253 orbati
2045 1187 2145 1254 rei
2176 1189 2481 1274 publicae

462 1289 845 1355 muneribus
879 1289 961 1355 ad
995 1289 1121 1356 hoc
1155 1311 1276 1356 nos
1317 1289 1615 1356 studium
1651 1289 2067 1376 potissimum
2103 1291 2479 1356 contulisse-

463 1411 632 1456 mus.
729 1391 1113 1458 Occurritur
1153 1399 1378 1458 autem
1421 1392 1634 1476 nobie,
1666 1399 1735 1458 et
1768 1392 2040 1478 quidem
2080 1414 2119 1458 a
2157 1393 2367 1460 doctis
2408 1399 2531 1461 et?

397 1515 450 1558 10
465 1493 740 1560 eruditis
783 1495 1266 1581 quaerentibus,
1297 1495 1541 1562 satisne
1585 1501 1961 1562 constanter
2001 1496 2220 1562 facere
2263 1495 2479 1562 videa-

463 1617 632 1678 mur,
670 1597 806 1683 qui,
844 1619 996 1672 cum
1042 1599 1292 1685 percipi
1335 1596 1509 1662 1111111
1550 1618 1739 1685 posse
1789 1597 2105 1681 dicamus,
2142 1605 2363 1663 tamen
2409 1605 2478 1664 et

462 1697 727 1765 aliis-de
769 1700 962 1766 rebus
1003 1699 1318 1766 disserere
1360 1699 1684 1767 soleamus
1725 1707 1794 1766 et
1829 1689 1965 1766 hoe
1989 1701 2136 1788 ipso
2178 1708 2478 1790 tempore
2568 1740 2571 1743 ·

464 1799 810 1890 praecepta
865 1801 1063 1868 officii
1114 1823 1602 1890 persequamur.
1714 1802 1973 1881 Quibus
2022 1803 2265 1870 vellem
2322 1805 2477 1870 satis

464 1905 728 1992 cognita
779 1913 948 1970 esset
991 1897 1215 1971 nostra
1259 1907 1603 1971 sententia.
1691 1904 1851 1972 Non
1904 1907 2084 1974 enim
2136 1928 2363 1973 sumus
2403 1907 2475 1992 ii,

397 2027 747 2094 inquorum
794 2015 1068 2095 vagetur
1117 2008 1378 2074 animus
1427 2029 1647 2076 errore
1690 2029 1813 2074 1166
1855 1997 2092 2076 habeat
2136 1995 2475 2098 umquam,

465 2109 628 2197 quid
671 2119 997 2197 sequatur.
1089 2110 1276 2188 Quae
1319 2111 1501 2178 enim
1544 2113 1715 2178 es'set
1758 2112 1880 2177 ista
1922 2134 2111 2180 mens
2152 2114 2260 2180 vel
2306 2135 2477 2201 quae

463 2211 603 2277 vita
645 2213 868 2298 potius
917 2233 1052 2278 non
1106 2213 1303 2279 modo
1354 2213 1755 2301 disputandi,
1794 2214 1907 2279 sed
1959 2216 2157 2280 etiam
2206 2216 2477 2282 vivendi

462 2312 718 2380 ratione
760 2314 1056 2381 sublata?
1141 2313 1286 2380 Nos
1329 2323 1571 2400 autem,
1602 2323 1679 2380 ut
1719 2305 1921 2382 ceteri
1960 2316 2084 2382 alia
2124 2324 2317 2400 certa,
2348 2317 2478 2383 alia

462 2417 710 2482 incerta
745 2437 882 2482 esse
918 2417 1170 2499 dicunt,
1202 2417 1296 2483 sic
1333 2418 1417 2484 ab
1452 2417 1558 2484 his
1592 2418 2051 2483 dissentientes
2090 2417 2215 2483 alia
2246 2420 2476 2506 proba·
2506 2489 2512 2494 ,

395 2518 641 2602 mbilia,
678 2527 906 2585 contra
955 2519 1083 2585 alia
1126 2520 1426 2586 dicimus.
1517 2518 1698 2596 Quid
1744 2525 1845 2585 est
1886 2519 2109 2605 igitur,
2145 2521 2325 2606 quod
2367 2535 2531 2589 11168

461 2620 782 2708 impediat
805 2644 898 2703 ea,
916 2643 1085 2708 quae
1108 2620 1474 2709 probabilia
1503 2620 1670 2686 mihi
1694 2621 2062 2706 videantur,
2084 2611 2289 2708 sequi,
2308 2643 2479 2710 quae

461 2731 708 2805 contra,
737 2723 1092 2810 inprobare
1129 2731 1330 2811 atque
1365 2722 1758 2790 adfirmandi
1794 2723 2237 2810 arrogantiam
2272 2725 2480 2792 vitan·

461 2832 598 2890 tem
635 2824 870 2912 fugere
905 2824 1565 2913 temeritatem,'quae
1598 2849 1637 2892 a
1670 2826 1995 2913 sapientia
2028 2826 2303 2894 dissidet
2336 2828 2480 2916 plu-

461 2927 750 2992 rimum?
839 2927 1089 2994 Contra
1143 2936 1362 2995 autem
1422 2925 1645 2996 omnia
1701 2923 2078 3017 disputatur
2125 2949 2167 2996 a
2217 2931 2478 3016 nostris,

394 3029 640 3116 eoquod
675 3028 801 3098 1106
842 3029 1064 3117 ipsum
1101 3031 1440 3118 probabile
1482 3031 1740 3099 elucere
1781 3054 1912 3098 non
1951 3027 2193 3120 posset,
2223 3034 2353 3100 nisi
2395 3056 2480 3100 ex

460 3138 740 3219 utraque
789 3141 978 3220 parte
1030 3154 1366 3200 causarum
1425 3142 1593 3200 esset
1644 3134 1820 3201 facta
1874 3136 2235 3202 contentio.
2347 3136 2481 3204 Sed

460 3232 622 3300 haec
657 3235 1008 3322 explanata
1040 3243 1198 3302 sunt
1232 3237 1301 3301 in
1340 3236 1761 3304 Academicis
1794 3237 2035 3304 nostris
2066 3239 2243 3322 satis,
2274 3247 2352 3304 ut
2386 3258 2481 3302 ar-

462 3335 690 3419 bitror,
720 3336 1096 3423 diligenter.
1183 3337 1340 3404 Tibi
1379 3346 1623 3423 autem,
1653 3339 1757 3405 mi·
1791 3336 2044 3422 016610,
2073 3359 2480 3426 quamquam

462 3437 534 3502 in
591 3437 1046 3524 antiquissima
1100 3441 1637 3528 nobilissimaque
1694 3440 2110 3527 philosophia
2162 3440 2481 3528 Cratippo

395 3559 448 3600 ao
464 3547 728 3606 auctore
767 3544 1045 3608 versaris
1083 3543 1168 3608 iis
1210 3543 1570 3625 simillimo,
1602 3543 1719 3627 qui
1758 3543 1883 3606 ista
1918 3541 2246 3628 praeclara
2288 3563 2482 3630 pepe-

461 3647 711 3727 rerunt,
742 3649 966 3710 tamen
1001 3643 1162 3712 haec
1200 3651 1424 3710 nostra
1457 3642 1766 3708 finituma
1800 3643 2036 3710 vestris
2075 3643 2305 3732 ignota
2342 3667 2481 3714 esse

461 3745 667 3812 nolui.
759 3745 892 3812 Sed
922 3745 1054 3812 iam
1082 3747 1168 3812 ad
1196 3747 1503 3813 instituta
1531 3741 1900 3833 pergamus.

1427 3848 1515 3912 4-1(-
