2867 4334
246 905 332 974 25

248 997 324 1050 ss

251 1982 326 2036 89

345 387 473 451 114
1126 383 1228 434 nn
1270 381 1578 434 ormcns

342 536 636 622 optumis
665 534 826 600 viris
855 533 938 599 ad
969 533 1210 599 Ianum
1264 535 1561 601 medium
1602 533 1983 600 sedentibus
2028 554 2230 620 quam
2276 532 2361 598 ab

339 637 494 704 ullis
523 635 929 725 philosophis
953 637 1088 702 ulla
1119 638 1188 701 in
1219 627 1441 704 schola
1464 638 1857 724 disputatur.
1935 636 2109 702 Sunt
2138 644 2359 702 tamen

341 763 418 808 ea
446 739 934 827 cognoscenda3
981 741 1321 826 pertinent
1364 741 1545 807 enim
1580 739 1664 806 ad
1700 738 2081 821 utilitatem,
2112 739 2197 806 de
2232 760 2363 827 qua

343 843 470 910 hoc
500 843 671 909 libro
707 843 1116 930 disputatum
1149 851 1267 908 est.

431 945 565 1012 Sed
599 945 968 1010 utilitatum
1016 945 1443 1033 comparatio,
1474 945 1789 1031 quoniam
1837 943 1948 1010 hic
1993 942 2174 1010 locus
2220 951 2361 1010 erat
2400 963 2429 1004 ε

342 1055 634 1135 quartae,
664 1069 703 1113 a
732 1047 1051 1114 Panaetio
1074 1048 1593 1135 praetermissuS,
1624 1069 1819 1136 saepe
1848 1055 1947 1112 est
1979 1047 2356 1113 necessaria.

341 1149 522 1216 Nam
569 1158 637 1216 et
684 1150 975 1240 corporis
1033 1151 1382 1218 commoda
1416 1173 1570 1217 cum
1613 1151 1903 1217 externis
1959 1150 2054 1233 [et
2089 1159 2359 1216 externa

343 1275 496 1319 cum
528 1252 844 1340 corporis]
880 1260 948 1319 et
979 1254 1119 1340 ipsa
1152 1253 1330 1319 inter
1365 1275 1434 1320 se
1471 1256 1763 1340 corporis
1792 1261 1860 1318 et
1897 1261 2169 1318 externa
2205 1274 2357 1317 cum

343 1357 642 1422 externis
671 1355 1036 1443 comparari
1065 1355 1299 1423 solent.
1390 1356 1564 1423 Cum
1587 1357 1883 1422 externis
1914 1356 2205 1443 corporis
2237 1355 2359 1420 hoc

345 1459 541 1525 modo
587 1466 1068 1547 comparantur,
1104 1457 1320 1524 valere
1366 1467 1442 1522 ut
1490 1458 1675 1523 malis
1720 1480 1921 1544 quam
1967 1458 2153 1523 dives
2198 1477 2428 1539 esse,1o

346 1565 526 1650 [cum
553 1563 844 1651 corporis
865 1571 1136 1628 externa
1159 1562 1283 1629 hoc
1307 1562 1523 1644 modo,
1550 1563 1734 1627 dives
1756 1583 1894 1627 esse
1918 1563 2135 1652 potius
2157 1583 2354 1647 quam

343 1667 672 1733 maxumis
697 1665 986 1751 corporis
1018 1665 1316 1751 viribuS,]
1351 1665 1491 1751 ipsa
1521 1664 1697 1728 inter
1728 1686 1796 1728 se
1826 1664 2115 1751 corporis
2144 1664 2255 1745 sic,
2283 1671 2357 1729 ut

343 1769 516 1835 bona
560 1767 872 1834 valetudo
917 1764 1246 1854 voluptati
1291 1773 1752 1852 anteponatur,
1798 1767 1972 1831 vires
2014 1766 2354 1848 celeritati,

343 1878 768 1934 externorum
799 1877 1042 1952 autem,
1075 1877 1150 1934 ut
1177 1867 1388 1955 gloria
1417 1868 1691 1951 divitiis,
1727 1868 2074 1955 vectigalia
2105 1869 2359 1934 urbana

345 1970 622 2036 rusticis,
711 1969 813 2036 Ex
845 1990 978 2057 qno
1013 1992 1256 2059 genere
1292 1971 1800 2058 comparationis
1836 1971 2004 2036 illud
2038 1979 2138 2037 est
2169 1972 2427 2037 Cato-15

345 2073 449 2138 nis
477 2072 687 2138 senis:
725 2095 764 2138 a
793 2093 926 2160 quo
957 2095 1105 2139 cum
1143 2082 1588 2161 quaereretur,
1621 2074 1784 2160 quid
1829 2095 2137 2140 maxume
2182 2075 2249 2138 in
2289 2097 2360 2140 re

343 2174 655 2240 familiari
701 2176 1062 2263 expediret,
1107 2175 1485 2264 respondit:
1536 2175 1781 2242 “Bene
1824 2197 2087 2262 pascere
2105 2177 2165 2260 ;’'
2197 2177 2361 2262 quid

342 2278 739 2345 secundum:
774 2279 1001 2345 “Satis
1023 2279 1191 2345 bene
1221 2301 1483 2366 pascere
1504 2278 1563 2360 ;’'
1595 2279 1760 2364 quid
1788 2280 2098 2345 tertium:
2132 2279 2363 2345 “Male

344 2403 608 2470 pascere
627 2381 689 2465 ;’'.
734 2382 897 2469 quid
942 2391 1287 2469 quartum:
1339 2382 1613 2447 “Arare
1634 2381 1697 2463 ;’'
1752 2389 1821 2446 et
1868 2403 2020 2448 cum
2065 2381 2197 2464 ille,
2244 2383 2362 2467 qui

345 2485 729 2571 quaesierat,
783 2484 1090 2550 dixisset:
1157 2488 1198 2562 “⁴
1220 2483 1400 2562 Quid
1466 2483 1788 2550 faenerari
1808 2483 1895 2567 22’,
1949 2490 2094 2548 tum
2161 2483 2433 2548 Catone

347 2587 584 2665 “Quid
615 2587 1018 2669 hominem,''
1050 2587 1289 2672 inquit,
1323 2587 1671 2653 “occidere
1684 2586 1749 2652 2⁹³
1816 2584 1920 2651 Ex
1950 2607 2083 2672 quo
2112 2594 2180 2651 et
2202 2585 2363 2650 mul-

346 2688 435 2753 tis
479 2689 624 2753 aliis
659 2687 962 2774 intellegi
1007 2688 1205 2754 debet
1249 2686 1615 2752 utilitatum
1660 2687 2177 2773 comparationes
2218 2687 2364 2766 fieri

346 2789 575 2871 solere,
605 2797 914 2875 recteque
945 2790 1069 2854 hoc
1099 2789 1487 2854 adiunctum
1508 2811 1648 2854 esse
1678 2797 1986 2874 quartum
2023 2791 2366 2877 exquiren-

325 2890 586 2955 dorum
621 2889 988 2956 officiorum
1023 2911 1252 2977 genus.
1343 2888 1631 2978 Reliqua
1673 2891 1983 2979 deinceps
2025 2915 2367 2980 perseque-

349 3011 522 3056 mur.
2382 3016 2435 3056 25
