2867 4334
392 401 476 466 88
1164 405 1266 456 DE
1311 403 1619 456 omens

295 568 371 622 25
390 551 650 618 eosdem
681 560 982 620 metuant
1003 553 1131 641 ipsi
1156 562 1414 622 necesse
1445 562 1563 622 est.
1653 555 1835 634 Quid
1858 556 2037 621 enim
2062 579 2401 624 censemus

389 655 791 741 superiorem
822 656 1013 724 illum
1035 657 1439 744 Dionysium
1468 659 1927 746 quocru'ciatu
1959 661 2217 726 timoris
2242 662 2401 748 angi

387 758 674 842 solitum,
695 760 811 847 qui
835 760 1078 826 cultros
1107 767 1409 827 metuens
1432 763 1755 828 tonsorios
1778 761 2097 828 candente
2120 764 2401 830 carbone

387 861 512 926 sibi
555 861 870 929 adurebat
913 862 1266 951 capillum?
1319 864 1982 950 quid'Alexandrum
2026 864 2399 948 Pheraeum

387 985 518 1053 quo
561 965 782 1033 animo
827 966 1064 1033 vixisse
1107 967 1543 1044 arbitramur?
1594 968 1730 1054 qui,
1762 976 1839 1034 ut
1880 968 2200 1055 scriptum
2245 968 2441 1056 legi-⁵

386 1088 553 1150 mus,
585 1089 736 1134 cum
782 1090 1058 1136 uxorem
1094 1068 1367 1136 Theben
1415 1069 1775 1137 admodum
1818 1071 2143 1158 diligeret,
2173 1074 2395 1137 tamen

384 1170 468 1235 ad
503 1191 646 1236 eam
691 1192 774 1237 ex
818 1172 1029 1259 epulis
1071 1172 1140 1237 in
1187 1172 1571 1239 cubiculum
1618 1173 1887 1239 veniens
1930 1174 2299 1257 barbarum,
2330 1182 2400 1239 et

383 1294 536 1338 eum
568 1273 858 1361 quidem,
878 1282 954 1340 ut
985 1275 1306 1362 scriptum
1336 1283 1455 1359 est,
1481 1283 1929 1362 conpunctum
1959 1277 2135 1343 notis
2163 1275 2401 1343 Thrae·

383 1376 521 1460 ciis,
541 1376 850 1444 destricto
878 1376 1100 1464 gladio
1129 1377 1396 1444 iubebat
1420 1378 1670 1444 anteire
1700 1379 2294 1468 praemittebatque
2316 1381 2399 1446 de

385 1479 807 1567 stipatoribus
841 1480 994 1562 suis,
1020 1479 1139 1566 qui
1166 1486 1616 1546 scrutarentur
1648 1480 1898 1547 arculas
1927 1480 2281 1548 muliebres
2308 1489 2394 1566 et,
2414 1501 2466 1542 ιο

382 1603 470 1648 ne
498 1582 677 1669 qnod
706 1582 777 1646 in
802 1581 1213 1648 vestimentis
1235 1581 1444 1648 telum
1474 1582 1931 1668 occultaretur,
1954 1584 2396 1671 exquirerent.

385 1684 448 1750 Ο
484 1685 817 1768 miserum,
848 1684 965 1772 qui
999 1683 1364 1750 fideliorem
1399 1692 1471 1751 et
1506 1685 1851 1752 barbarum
1889 1693 1958 1751 et
1994 1686 2395 1773 stigmatiam

383 1779 646 1874 putaret
675 1808 873 1873 quam
911 1786 1298 1874 coniugem!
1385 1785 1534 1854 Nec
1563 1809 1717 1854 eum
1745 1786 2030 1871 fefellit3
2074 1789 2157 1854 ab
2185 1809 2263 1853 ea
2295 1797 2396 1855 est

383 1890 564 1956 enim
613 1890 755 1977 ipsa
803 1897 1078 1977 propter
1123 1888 1443 1977 pelicatus
1494 1891 1935 1979 suspicionem
1984 1889 2395 1957 interfectus·

382 1991 455 2059 N
456 2014 532 2059 ec
581 2013 739 2059 vero
788 1991 925 2058 ulla
974 1993 1076 2058 vis
1125 1993 1389 2080 imperii
1442 2000 1623 2059 tanta
1676 2001 1793 2076 est,
1835 2015 2003 2082 quae
2054 2001 2462 2081 prementem

287 2107 365 2162 26
385 2102 568 2162 metu
612 2095 819 2182 possit
861 2116 999 2162 esse
1042 2096 1374 2162 diuturna.
1464 2095 1680 2163 Testis
1723 2104 1823 2163 est
1860 2095 2177 2183 Phalaris,
2210 2097 2397 2164 cuius

383 2208 482 2266 cst
509 2205 772 2286 praeter
806 2205 1054 2266 ceteros
1089 2198 1432 2265 nobilitata
1466 2199 1837 2283 crudelitate,
1863 2200 1978 2287 qui
2014 2221 2147 2267 non
2184 2222 2265 2267 ex
2301 2201 2392 2265 in·

381 2301 566 2368 sidiis
599 2302 873 2386 interiit,
896 2309 974 2368 ut
1008 2301 1083 2386 is,
1108 2323 1308 2390 quem
1339 2302 2162 2386 modo·dixi‚·Alexander‚
2186 2325 2320 2370 non
2358 2325 2397 2369 a

382 2405 626 2494 pauciS,
650 2413 727 2472 ut
761 2405 871 2472 hic
906 2414 1146 2490 noster,
1176 2407 1289 2472 sed
1326 2406 1394 2472 in
1432 2428 1634 2494 quem
1669 2407 1978 2472 universa
2012 2407 2397 2495 Agrigenti-
2443 2475 2453 2486 ,

382 2531 620 2575 norum
656 2508 1015 2576 multitudo
1053 2509 1380 2597 impetum
1412 2509 1597 2576 fecit.
1686 2508 1913 2587 Quid?
1998 2509 2462 2576 Macedoneseo

382 2634 604 2679 nonne
638 2612 1060 2679 Demetrium
1101 2613 1515 2700 reliquerunt
1549 2612 1976 2699 universique
2010 2633 2078 2678 se
2114 2612 2196 2678 ad
2231 2611 2395 2698 Pyr·
2498 2631 2505 2636 ·

382 2714 580 2780 rhum
638 2714 1102 2782 contulerunt?
1212 2715 1438 2793 Quid?
1546 2714 2095 2782 Lacedaemonios
2151 2714 2393 2781 iniuste

381 2817 780 2904 imperantes
807 2838 1028 2885 nonne
1056 2826 1329 2905 repente
1358 2839 1587 2883 omnes
1607 2817 1750 2883 fere
1779 2818 1937 2884 socii
1966 2816 2395 2885 deseruerunt

381 2924 910 3006 spectatoresque
931 2941 1001 2986 se
1024 2920 1264 2986 otiosos
1282 2919 1723 3006 praebuerunt
1742 2918 2119 2986 Leuctricae
2138 2920 2395 2987 ⁴calami-

302 3023 345 3091 8
382 3020 576 3086 tatis?
661 3019 953 3087 Externa
983 3021 1299 3088 libentius
1331 3021 1403 3085 in
1433 3019 1552 3086 tali
1583 3043 1653 3086 re
1683 3041 1883 3107 quam
1913 3021 2267 3088 domestica
2300 3041 2462 3087 re-es

383 3123 634 3191 cordor.
731 3123 989 3191 Verum
1046 3132 1288 3207 tamen,
1323 3145 1523 3211 quam
1581 3122 1698 3188 diu
1756 3123 2107 3210 imperium
2162 3122 2393 3210 populi

381 3225 670 3294 Romani
700 3225 1035 3293 beneficiis
1063 3226 1429 3308 tenebatur,
1454 3247 1589 3292 non
1616 3225 1897 3309 iniuriis,
1923 3223 2094 3291 bella
2127 3228 2241 3290 ant
2269 3246 2395 3312 pro

381 3330 574 3398 sociis
602 3333 717 3396 a'ut
746 3329 830 3395 de
857 3328 1136 3415 imperio
1165 3329 1580 3415 gerebantur,
1606 3327 1823 3396 exitus
1852 3334 2037 3394 erant
2068 3326 2393 3395 bellorum

381 3441 497 3500 aut
531 3435 726 3499 mites
769 3439 884 3498 aut
918 3432 1280 3516 necessarii,
1312 3437 1567 3520 regum,
1598 3429 2017 3519 populorum,
2048 3433 2391 3499 nationum

286 3552 360 3613 27
382 3543 612 3623 portus
641 3541 779 3601 crat
809 3541 877 3600 et
900 3534 1236 3622 refugium
1267 3542 1546 3620 senatuS,
1566 3535 1774 3600 nostri
1803 3541 2025 3601 autem
2059 3536 2461 3621 magistra-³⁰

381 3645 491 3703 tus
519 3639 1072 3725 imperatoresque
1101 3659 1184 3704 ex
1206 3637 1328 3705 hac
1354 3661 1489 3704 una
1517 3660 1589 3704 re
1616 3637 1973 3702 maximam
2003 3637 2267 3702 laudem
2297 3655 2394 3698 ca-

383 3760 540 3827 pere
569 3738 942 3822 studebant,
965 3739 1021 3804 si
1055 3739 1445 3825 provincias,
1468 3741 1523 3804 si
1558 3738 1764 3805 socios
1798 3738 2131 3824 acquitate
2164 3734 2398 3802 et-fide
