2867 4334
280 46 328 100 11⁴!
351 65 360 96 ι
381 61 392 77 ‘
421 17 478 86 ‘fr‘
2806 0 2821 73 l

295 138 405 255 >Z
445 127 572 254 '¹st
596 188 630 252 cf
649 211 660 228 ‘

373 298 406 372 ‘J
446 303 456 313 ‘
485 285 708 371 afficit
736 286 765 304 ²*
794 274 842 316 ίί

439 392 526 456 46
1215 389 1332 464 ,ΒΕ
1373 387 1683 442 OFFICIIS

439 549 528 624 et,
566 539 745 628 quod
775 539 1128 618 honestum
1157 545 1274 622 est,
1305 537 1497 619 decet
1514 559 1537 622 ς
1578 537 1790 627 qualis
1824 543 2043 604 autem
2082 537 2461 608 differentia

440 644 528 710 sit
561 642 822 708 honesti
857 649 926 707 et
967 641 1208 724 decori,
1244 641 1508 708 facilius
1542 641 1843 728 intellegi
1886 661 2084 729 quam
2122 643 2460 731 explanari

442 753 680 834 potest.
769 743 1106 831 Quicquid
1149 751 1251 810 est
1293 744 1495 828 enim,
1532 744 1711 832 quod
1754 745 2007 827 deceat,
2044 744 2116 810 id
2159 752 2307 820 tum
2348 769 2461 833 ap-

441 856 650 937 paret,
679 869 832 929 cum
863 855 1238 934 antegressa
1265 855 1366 914 est
1395 847 1721 914 honestas·
1808 845 2047 934 Itaque
2075 868 2211 914 non
2242 849 2459 922 solum

441 948 672 1016 in-hac
707 957 894 1038 parte
936 949 1318 1033 honestatiS,
1349 950 1434 1016 de
1474 971 1625 1038 qua·
1652 942 1779 1016 hoc
1820 948 1966 1016 loco
2002 950 2453 1017 disserendum
2498 977 2529 1017 ⁶

442 1061 561 1136 est,
591 1053 707 1120 sed
754 1053 956 1119 etiam
1007 1053 1078 1117 in
1123 1052 1337 1119 tribus
1379 1053 1829 1142 superioribus
1872 1052 2048 1152 (ΙΨ
2079 1053 2309 1118 deceat
2352 1077 2461 1140 ap-

442 1163 650 1244 paret.
724 1154 903 1222 Nam
932 1162 1001 1222 et
1029 1156 1286 1222 ratione
1315 1156 1416 1221 uti
1446 1163 1647 1243 atque
1676 1154 1973 1222 oratione
2000 1156 2363 1242 prudenter
2391 1166 2460 1222 et

441 1281 656 1348 agere,
694 1259 876 1347 quod
918 1257 1092 1348 agae,
1131 1258 1541 1326 considerate
1585 1258 1899 1346 omnique
1932 1259 2003 1324 in
2047 1279 2122 1325 re
2165 1259 2329 1347 quid
2372 1260 2461 1325 sit

440 1363 586 1432 veri
616 1363 843 1428 videre
877 1369 946 1428 et
981 1361 1153 1428 tueri
1189 1362 1397 1444 decet,
1435 1370 1795 1448 contraque
1838 1361 2007 1445 falli,
2038 1381 2274 1446 errare,
2301 1361 2459 1446 la'bi,

441 1465 660 1552 decipi
682 1472 817 1532 tam
841 1465 1116 1530 dedecet
1138 1485 1339 1552 quam
1361 1463 1641 1536 delirare
1662 1471 1731 1529 et
1752 1472 1977 1532 mente
1996 1485 2137 1530 esse
2158 1474 2425 1553 captum
2441 1485 2459 1548 ;
2478 1490 2531 1532 ιο

440 1576 510 1634 et
553 1569 725 1635 iusta
767 1568 992 1634 omnia
1035 1567 1271 1632 decora
1315 1573 1490 1649 sunt,
1536 1567 1782 1632 iniusta
1822 1575 2071 1647 contra,
2111 1575 2186 1633 ut
2220 1569 2461 1656 turpia,

441 1671 535 1738 sic
563 1671 891 1738 indecora.
956 1668 1336 1736 Similis-est
1358 1669 1528 1735 ratio
1556 1668 1989 1736 fortitudinis.
2060 1669 2257 1748 Quod
2278 1671 2460 1743 enim

442 1773 726 1838 viriliter
767 1772 1122 1858 animoque
1163 1791 1409 1860 magno
1441 1771 1543 1856 fit,
1573 1773 1646 1838 id
1679 1773 1960 1860 dignum
1996 1773 2141 1840 viro
2172 1780 2244 1839 et
2274 1773 2467 1840 deco--

443 1896 594 1940 rum
628 1874 914 1956 videtur,
945 1873 1128 1961 quod
1161 1881 1411 1957 contra,
1448 1874 1519 1940 id
1556 1883 1885 1962 uttan-pe,
1920 1875 2017 1940 sic
2050 1875 2459 1942 indecorum.

348 1994 425 2050 95
447 1975 674 2053 Quare
707 1975 1010 2062 pertinet
1059 1975 1334 2064 quidem
1383 1977 1467 2042 ad
1518 1998 1786 2042 omnem
1844 1977 2259 2044 honestatem
2314 1977 2533 2062 hoe5115

401 2068 404 2071 ’
444 2077 628 2165 quod
669 2077 842 2162 dice,
873 2079 1207 2161 deco-rum,
1237 2087 1309 2146 et
1349 2079 1446 2146 ita
1488 2080 1799 2166 pertinet,
1831 2088 1908 2146 ut
1944 2101 2080 2146 non
2128 2080 2465 2148 recondita

446 2180 731 2268 quadam
759 2182 1014 2248 ratione
1033 2189 1362 2266 cernatur,
1386 2183 1503 2248 sed
1524 2183 1614 2254 sit
1641 2184 1709 2248 in
1734 2191 2073 2271 promptu.
2141 2182 2262 2248 Est
2284 2183 2465 2250 enim

443 2282 784 2372 quiddam,
815 2283 1018 2373 idque
1053 2284 1467 2374 intellegitur
1502 2286 1571 2351 in
1610 2286 1795 2352 omni
1830 2287 2099 2370 virtute,
2132 2287 2315 2380 quod
2344 2287 2465 2354 ,de-

447 2394 626 2469 ceat3
671 2385 852 2475 quod
887 2377 1284 2482 cogitatione
1315 2390 1525 2477 magis
1554 2411 1593 2455 a
1622 2390 1871 2456 virtute
1899 2397 2120 2478 potest
2156 2401 2465 2479 quamq-,e

445 2492 752 2578 separari.
840 2490 939 2558 Ut
977 2500 1284 2566 venustas
1311 2500 1386 2560 et
1421 2492 1848 2580 pulchritudo
1884 2493 2177 2580 corporis
2210 2493 2461 2558 secerni
2482 2518 2535 2559 ρο

447 2613 584 2660 non
615 2583 830 2683 potest
865 2617 907 2660 a
940 2595 1340 2678 valetudine,
1373 2596 1469 2662 sic
1502 2595 1648 2682 hoc,
1680 2596 1765 2662 de
1800 2617 1935 2683 quo
1970 2595 2327 2682 loquimur,
2358 2595 2468 2660 de-

2834 2411 2836 2448 ⁴

2834 2481 2836 2542 1

449 2718 676 2763 corum
713 2705 930 2766 totum
966 2696 1134 2764 illud
1169 2699 1445 2784 quid-em
1481 2707 1581 2764 est
1622 2721 1775 2764 cum
1805 2699 2067 2790 virtute>
2088 2697 2465 2780 consu-sum,
2834 2635 2836 2724 ⁴

353 2813 430 2868 96
451 2799 572 2872 sed„
595 2806 820 2882 mente
848 2807 917 2864 et
943 2801 1344 2886 cogitatione
1373 2799 1828 2888 distinguitur.
1916 2800 2038 2866 Est
2072 2808 2297 2868 autem
2326 2801 2467 2866 eius

451 2901 792 2988 discriptio
829 2899 1116 2989 duplex3
1162 2923 1313 2966 nam
1345 2909 1415 2968 et
1442 2902 1751 2990 generale
1786 2903 2121 2993 quoddam
2154 2904 2469 2970 decorum

450 3002 922 3089 intellegimus,
953 3003 1130 3090 quod
1163 3004 1234 3068 in
1264 3005 1449 3072 omni
1478 3004 1823 3074 honestate
1851 3014 2169 3089 versatur,
2192 3014 2261 3072 et
2288 3005 2540 3071 aliudw

452 3105 1020 3188 huicsubiectum,
1044 3106 1224 3193 quod
1253 3107 1545 3198 pertinet
1565 3108 1651 3174 ad
1680 3108 1971 3196 singulas
2000 3117 2221 3196 partes
2240 3107 2473 3174 hones-

453 3208 627 3274 tatis.
721 3207 952 3296 Atque
978 3207 1148 3282 illud
1177 3210 1477 3296 superius
1512 3210 1607 3276 sic
1640 3211 1783 3279 fere
1816 3210 2085 3278 definiri
2112 3211 2319 3278 solet:
2366 3211 2473 3277 de-

455 3311 794 3380 corumid
828 3332 988 3394 esse,
1023 3311 1202 3404 quod
1246 3319 1766 3380 consentaneum
1806 3314 1896 3381 sit
1938 3314 2225 3381 hominis
2262 3313 2475 3380 excel·
2835 3315 2836 3370 l

453 3414 698 3481 lentiae
729 3414 801 3480 in
831 3435 932 3497 eo,
953 3413 1025 3478 in
1056 3435 1190 3502 quo
1219 3421 1457 3480 natura
1484 3415 1627 3482 eius
1656 3437 1695 3482 a
1726 3416 1999 3504 reliquis
2028 3417 2477 3482 animantibus

455 3516 743 3586 differat.
817 3517 1006 3596 Quae
1035 3525 1262 3584 autem
1293 3539 1443 3606 pars
1473 3519 1765 3586 subiecta
1792 3518 2023 3606 generi
2054 3527 2173 3602 est,
2202 3539 2349 3584 eam
2380 3518 2475 3583 sic
2494 3543 2548 3582 ao

454 3617 806 3703 definiunt,
836 3627 916 3686 ut
957 3619 1028 3686 id
1073 3620 1389 3687 decorum
1423 3621 1637 3688 velint
1670 3642 1827 3704 esse,
1858 3620 2034 3708 quod
2072 3621 2167 3687 ita
2202 3629 2477 3684 nat-urae

455 3728 969 3788 consentaneum
1015 3722 1123 3806 sit,
1161 3731 1238 3790 ut
1284 3723 1354 3788 in
1397 3745 1479 3790 eo
1526 3723 1889 3792 moderatio
1925 3731 1995 3812 et
2038 3722 2479 3812 temperantia
