2867 4334
403 381 492 446 94
1194 377 1296 428 DE
1339 376 1647 430 ochns

400 527 726 594 maleficio
748 533 816 593 et
838 527 1081 593 scelere
1102 534 1478 613 pascuntur,
1503 527 1756 614 possint
1779 528 1921 595 sine
1942 529 2080 597 ulla
2102 534 2422 618 particula

400 631 691 696 iustitiae
739 630 981 696 vivere.
1077 628 1256 694 Nam
1307 631 1426 716 qui
1479 651 1707 696 eorum
1762 632 2067 719 cuipiam,
2121 637 2237 722 qui
2291 659 2423 702 una

401 732 894 815 latrocinantur,
925 732 1190 798 furatur
1233 731 1487 818 aliquid
1531 740 1646 798 aut
1689 734 1910 821 eripit,
1950 737 2005 800 is
2048 737 2175 803 sibi
2219 761 2305 804 ne
2348 740 2421 804 in

400 836 744 902 latrocinio
766 835 1040 922 quidem
1069 833 1389 921 relinquit
1407 835 1649 919 locum,
1674 836 1788 902 ille
1812 846 2055 923 autem,
2076 841 2195 926 qui
2216 841 2422 907 archi-

399 939 612 1026 pirata
642 937 904 1020 dicitur,
937 936 1065 1001 nisi
1096 937 1531 1023 aequabiliter
1563 939 1879 1024 praedam
1910 940 2274 1027 dispertiat,
2306 952 2421 1008 aut
2462 963 2490 1004 u

398 1039 833 1108 interficiatur
861 1061 899 1105 a
928 1039 1122 1105 sociis
1157 1047 1272 1104 aut
1308 1039 1760 1126 relinquatur3
1806 1042 1968 1127 quin
2001 1043 2201 1108 etiam
2239 1045 2421 1132 leges

398 1143 731 1209 latronum
753 1163 894 1209 9889
919 1141 1254 1223 dicuntur,
1279 1139 1520 1228 quibus
1543 1164 1779 1228 parea-n
1790 1151 1835 1226 t,
1864 1165 2023 1230 quas
2047 1139 2417 1213 observent.

397 1244 634 1332 Itaque
663 1252 936 1331 propter
971 1243 1386 1330 aequabilem
1409 1245 1687 1331 praedae
1718 1247 2145 1332 partitionem
2176 1260 2244 1314 et
2266 1249 2421 1314 Bar-

398 1348 572 1414 dulis
627 1346 898 1434 Illyrius
949 1346 1138 1430 latr0,
1176 1347 1260 1413 de
1312 1368 1445 1433 quo
1498 1355 1598 1412 est
1650 1348 1829 1434 apud
1883 1348 2417 1439 Theopompum,
2446 1413 2451 1418 .

398 1472 671 1538 magnas
705 1471 862 1537 opes
905 1448 1139 1515 habuit
1183 1455 1252 1513 et
1293 1449 1509 1515 multo
1552 1450 1833 1516 maiores
1862 1450 2207 1520 Viriathus
2238 1455 2486 1520 Lusi-1⁰

397 1561 630 1635 tanus3
666 1554 770 1619 cui
808 1552 1081 1639 quidem
1124 1553 1323 1617 etiam
1361 1553 1691 1617 exercitus
1725 1554 1931 1618 nostri
1969 1555 2418 1641 imperatores·

399 1677 528 1742 que
559 1663 929 1737 cesseruut3
975 1675 1173 1740 quem
1221 1653 1296 1719 O.
1329 1652 1609 1736 LaeliuS,
1644 1655 1703 1718 is
1750 1655 1868 1741 qui
1915 1656 2191 1742 Sapiens
2236 1680 2419 1723 usur-

399 1767 614 1845 patur,
646 1765 912 1844 praetor
939 1756 1146 1842 fregit
1176 1763 1243 1820 et
1273 1755 1670 1821 comminuit
1699 1756 2247 1846 ferocitatemque
2277 1761 2417 1826 eius

399 1861 492 1924 ita
522 1860 852 1946 repressit,
882 1867 961 1923 ut
997 1858 1195 1924 facile
1233 1857 1485 1924 bellum
1528 1857 1801 1945 reliquis
1844 1854 2149 1927 traderet.
2242 1863 2417 1928 Oum

400 1960 610 2048 igitur
644 1968 828 2027 tanta
857 1961 958 2026 vis
987 1960 1278 2026 iustitiae
1307 1961 1412 2043 sit,
1446 1968 1522 2026 ut
1550 1981 1627 2026 ea
1656 1963 1856 2026 etiam
1892 1962 2223 2030 latronum
2259 1988 2415 2053 opes
2431 1992 2485 2032 15

402 2064 627 2130 firmet
662 2072 860 2152 atque
904 2072 1159 2151 augeat,
1197 2071 1514 2150 quantam
1560 2063 1701 2129 eius
1736 2065 1875 2129 vim
1918 2066 2096 2132 inter
2137 2067 2316 2155 leges
2350 2079 2417 2135 et

354 2167 656 2278 liudicia
685 2175 754 2234 et
783 2168 852 2231 in
884 2167 1238 2234 constituta
1269 2188 1338 2232 re
1368 2167 1634 2253 publica
1661 2166 1806 2234 fore
1836 2171 2187 2255 putamus?
2244 2171 2418 2238 Mihi

304 2227 674 2359 4lquidcm
709 2291 842 2336 non
880 2269 1059 2357 apud
1087 2268 1323 2335 Medos
1365 2269 1601 2352 solum,
1634 2277 1711 2335 ut
1744 2271 1839 2336 ait
1868 2263 2268 2358 Herodotus,
2305 2275 2418 2341 sed

399 2375 600 2441 etiam
653 2373 832 2461 apud
882 2373 1160 2439 maiores
1211 2379 1469 2439 nostros
1520 2372 1808 2439 iustitiae
1854 2365 2176 2442 fruendae
2229 2365 2420 2443 causa

300 2135 424 2203 12·

401 2479 715 2544 videntur
744 2476 902 2543 olim
935 2477 1105 2542 bene
1133 2476 1373 2541 morati
1401 2496 1589 2562 reges
1598 2475 1984 2543 constituti.
2057 2478 2237 2545 Nam
2268 2503 2416 2564 cum
2436 2504 2488 2544 πο
2590 2513 2598 2518 -

402 2588 815 2669 premeretur
858 2581 1055 2667 inops
1101 2577 1462 2645 multitudo
1473 2527 1592 2644 aab
1640 2579 1739 2661 iis,
1789 2580 1903 2666 qui
1952 2574 2231 2646 maiores
2266 2603 2419 2669 opes

402 2683 751 2766 habebant,
777 2683 859 2748 ad
889 2703 1097 2746 unum
1129 2681 1417 2767 aliquem
1449 2679 1925 2767 confugiebant
1963 2682 2210 2748 virtute
2243 2705 2419 2770 prac-

405 2793 718 2851 stantem·
702 2835 719 2868 ,
743 2786 857 2871 qui
883 2806 1028 2851 cum
1050 2782 1474 2870 prohiberet
1454 2783 1696 2847 iniuria
1719 2784 2069 2901 tenuioreS,
2090 2787 2420 2872 aequitate

405 2887 862 2952 constituenda
902 2907 1193 2952 summos
1236 2907 1386 2951 cum
1432 2882 1681 2948 infimis
1716 2885 1859 2971 pari
1894 2886 2038 2952 iure
2074 2889 2416 2984 retinebat.

404 2987 788 3075 Eademque
846 2988 1456 3055 constituendarum
1510 2983 1735 3073 legum
1784 2986 1920 3052 fuit
1982 3009 2187 3071 causa,
2250 2979 2487 3074 quaem

307 3109 384 3162 42
405 3113 657 3179 regum.
747 3090 862 3158 Ius
914 3091 1091 3158 enim
1145 3111 1406 3177 semper
1456 3097 1555 3155 est
1599 3089 1970 3176 quaesitum
2032 3091 2416 3176 aequabile3

404 3217 620 3282 neque
649 3196 828 3260 enim
857 3194 1047 3260 aliter
1077 3201 1245 3259 esset
1274 3193 1395 3257 ius.
1472 3190 1555 3257 Id
1586 3193 1642 3258 si
1673 3193 1755 3258 ab
1786 3213 1921 3258 uno
1942 3193 2115 3258 iusto
2146 3201 2213 3258 et
2245 3194 2417 3261 bono

404 3299 549 3364 viro
578 3298 1163 3385 consequebantur,
1195 3301 1380 3360 erant
1417 3315 1498 3360 eo
1534 3295 1867 3377 contenti3
1903 3317 2054 3361 cum
2090 3295 2161 3361 id
2196 3296 2420 3363 minus

402 3402 836 3489 contingeret,
883 3399 1059 3485 leges
1107 3405 1262 3463 sunt
1318 3397 1648 3480 inventae,
1697 3418 1866 3483 quae
1912 3419 2064 3464 cum
2112 3401 2420 3466 omnibus

402 3527 664 3592 semper
694 3525 824 3570 una
852 3510 1050 3589 atque
1079 3500 1308 3566 eadem
1347 3497 1521 3566 voce'
1540 3499 1984 3586 loquerentur.
2075 3501 2257 3588 Ergo
2292 3501 2483 3566 hocao

403 3609 672 3694 quidem
704 3606 1122 3693 perspicuum
1154 3611 1270 3686 est,
1297 3625 1406 3670 eos
1437 3603 1521 3667 ad
1550 3601 2009 3688 imperandum
2033 3603 2239 3687 deligi
2273 3602 2418 3666 soli·

405 3717 526 3791 tos,
552 3729 832 3794 quorum
864 3706 946 3772 de
970 3706 1222 3772 iustitia
1243 3725 1485 3791 magna
1506 3711 1675 3770 esset
1698 3703 1923 3789 opinio
1946 3702 2414 3769 multitudinis,
