2867 4334
958 385 1095 436 Lm.
1131 385 1235 436 111.
1299 384 1470 437 car.
1510 387 1693 436 ιτς-ιτ.
1760 383 1789 446 5
1822 387 2004 436 63-69.
2344 385 2489 470 Ι147

473 537 718 624 bonam
767 535 999 602 statuit
1040 535 1389 624 pertinere
1422 541 1658 602 notum
1703 555 1841 601 esse
1883 534 2168 622 emptori
2225 533 2485 618 vitium,

473 639 654 726 qnod
700 646 920 706 nosset
965 638 1326 704 venditen'
1383 637 1580 716 Quod
1629 637 1687 703 si
1737 644 1913 704 recte
1961 638 2299 723 indicavit,
2350 659 2486 717 non

473 748 651 809 recte
677 740 1154 807 frumentarius
1181 739 1317 825 ille,
1347 762 1484 807 non
1521 748 1696 807 recte
1730 741 1994 807 aedium
2034 741 2487 828 pestilentium

474 843 785 909 venditor
818 843 1041 909 tacuit.
1116 843 1248 910 Sed
1276 842 1476 909 huius
1513 843 1693 910 modi
1724 843 2105 910 reticentiae
2132 843 2279 910 iure
2306 844 2488 911 civili

384 1021 393 1028 ‚
431 945 946 1032 scomprehe‘ndi
989 967 1124 1012 non
1169 953 1696 1033 possunt;.quae
1738 953 1958 1012 autem
2004 955 2299 1034 possunt,
2344 947 2488 1013 dili-

474 1055 712 1136 genter
753 1053 1084 1114 tenentur.
1171 1046 1269 1113 M.
1301 1046 1555 1114 Marius
1592 1048 2039 1132 GratidianuS,
2077 1049 2488 1136 propinquus

475 1157 716 1233 noster,
749 1149 826 1216 O.
859 1150 1091 1236 Sergio
1121 1148 1363 1217 Oratae
1401 1149 1791 1216 vendiderat
1824 1149 2017 1216 aedes
2045 1171 2172 1235 eas,
2200 1171 2361 1237 quas
2402 1152 2487 1217 ab

479 1252 711 1319 eodem
743 1253 884 1338 ipse
915 1252 1138 1339 paucis
1167 1261 1320 1319 ante
1350 1253 1539 1318 annis
1575 1259 1843 1319 emerat.
1930 1251 2067 1318 Eae
2096 1252 2485 1337 serviebant,

477 1355 592 1420 sed
628 1354 755 1420 hoc
785 1355 853 1422 in
886 1355 1218 1442 mancipio
1245 1354 1500 1442 Marius
1529 1377 1665 1422 non
1694 1355 1970 1420 dixerat.
2043 1354 2356 1420 Adducta
2382 1377 2488 1422 res

410 1457 550 1522 min
580 1457 902 1525 iudicium
931 1465 1050 1524 est.
1089 1486 1096 1490 ·
1140 1456 1412 1523 Oratam
1444 1458 1739 1540 CrassuS,
1767 1456 2234 1523 Gratidianum
2264 1457 2489 1524 defen-

479 1561 677 1627 debat
709 1561 1084 1628 Antonius.
1173 1559 1290 1626 Ius
1335 1561 1606 1628 Crassus
1645 1560 1991 1648 urguebat,
2046 1564 2085 1598 ‘⁶
2108 1561 2287 1648 quod
2336 1561 2488 1627 vitii

479 1663 788 1730 venditor
835 1663 1296 1731 non'dixisset
1346 1663 1575 1746 sciens,
1628 1663 1699 1728 id
1748 1677 2054 1750 oportere
2112 1663 2484 1751 praestari,”

477 1768 876 1854 aequitatem
927 1765 1286 1846 Antonius,
1325 1767 1710 1852 .“quoniam
1760 1765 1833 1831 id
1892 1766 2127 1832 vitium
2160 1767 2489 1854 „ignotum

480 1869 728 1956 Sergio.
762 1889 896 1935 non
949 1868 1206 1952 fuisset,
1253 1867 1368 1955 qui
1419 1869 1566 1935 illas
1616 1868 1809 1935 aedes
1854 1869 2274 1954 vendidisset,
2318 1869 2489 1936 nihil

410 1991 464 2033 ιε
480 1971 685 2037 fuisse
735 1991 995 2036 necesse
1045 1970 1196 2054 dici,
1241 1992 1364 2037 nec
1412 1992 1569 2036 eum
1611 1992 1751 2038 esse
1794 1971 2168 2058 deceptum,
2214 1972 2351 2059 qui,
2396 1973 2487 2057 id,

480 2073 660 2161 quod
689 2080 954 2156 emerat,
985 2095 1119 2158 quo
1149 2073 1293 2139 iure
1327 2079 1516 2156 esset,
1546 2073 1864 2140 teneret.’'
1955 2073 2249 2152 Quorsus
2282 2075 2442 2142 haec
2463 2075 2487 2141 ’ἔ
2507 2083 2585 2137 68

479 2176 581 2243 Ut
630 2175 799 2242 illud
853 2175 1215 2264 intellegas,
1269 2197 1401 2241 non
1460 2175 1781 2262 placuisse
1835 2176 2193 2243 maioribus
2248 2177 2488 2244 nostris

479 2286 747 2346 astutos
979 2333 986 2342 ,
1207 2332 1212 2338 .
1277 2321 1284 2326 -
1596 2307 1606 2331 ·›
2469 2333 2475 2337 .

568 2385 703 2451 Sed
752 2385 942 2450 aliter
990 2385 1189 2473 leges,
1233 2382 1426 2450 aliter
1475 2383 1855 2471 philosophi
1904 2382 2152 2450 tollunt
2194 2385 2581 2464 astutiaS‚17

413 2487 682 2573 aoleges,
719 2494 1044 2574 quatenus
1078 2507 1278 2551 manu
1315 2493 1540 2552 tenere
1581 2491 1875 2572 possunt,
1912 2484 2306 2572 philosophi,
2337 2506 2488 2571 qua-

481 2597 673 2654 tenus
701 2589 956 2654 ratione
985 2595 1054 2652 et
1081 2587 1555 2674 intellegentia.
1591 2587 1823 2666 ‚Ratio
1844 2607 2003 2674 ergo
2025 2585 2151 2652 hoc
2180 2586 2485 2673 postulat,

481 2691 764 2778 nequid
794 2690 1123 2774 insidiose,
1161 2689 1445 2776 nequid
1475 2688 1799 2772 simulate,
1829 2710 1916 2755 ne
1938 2689 2114 2775 'quid
2147 2688 2485 2756 fallaciter.

481 2793 739 2859 Suntne
782 2792 990 2879 igitur
1031 2791 1309 2857 insidiae
1352 2791 1623 2858 tendere
1665 2791 1909 2879 plagas,
1955 2791 2213 2858 etiamsi
2255 2792 2489 2860 exeita-

479 2901 829 2960 turus-non
859 2894 947 2959 sis
977 2897 1096 2959 nec
1117 2894 1525 2980 agitaturus?
1554 2893 1734 2981 ipsae
1764 2895 1940 2960 enim
1972 2895 2151 2961 ferae
2181 2895 2366 2974 nullo
2395 2896 2489 2960 in-

411 3003 796 3084 assequente
833 3001 1027 3082 saepe
1061 2995 1389 3062 incidunt.
1481 2995 1592 3062 Sic
1633 3003 1711 3062 tu
1755 2997 1949 3064 aedes
1982 2999 2363 3086 proscribas,
2399 3010 2490 3065 ta·

479 3099 703 3164 bulam
737 3106 1075 3184 tamquam
1112 3097 1374 3184 plagam
1411 3118 1637 3185 ponas,
1681 3099 1983 3184 [domum
2019 3108 2291 3187 propter
2325 3101 2489 3166 vitia

481 3202 772 3285 vendas,]
796 3202 875 3266 in'
890 3221 1034 3266 eam
1057 3199 1295 3286 aliquis
1317 3200 1608 3266 incurrat
1630 3201 2029 3288 inprudens?
2092 3201 2248 3268 Hoc
2265 3221 2487 3291 quamss
2506 3215 2582 3268 69

478 3323 680 3389 quam
715 3302 910 3368 video
947 3309 1218 3390 propter
1259 3302 1801 3390 depravationem
1846 3303 2348 3369 consuetudinis.
2380 3325 2488 3369 ne·-

480 3425 610 3490 que
640 3425 824 3470 more
852 3411 1048 3492 turpe
1077 3404 1306 3470 haberi
1341 3425 1559 3491 neque
1594 3412 1709 3471 aut
1742 3405 1891 3491 lege
1924 3403 2160 3468 sanciri
2193 3410 2309 3468 aut
2342 3404 2487 3470 iure

410 3527 465 3568 so
480 3506 682 3591 civili,
726 3513 949 3573 tamen
993 3514 1266 3572 naturae
1309 3507 1458 3593 lege
1502 3509 1802 3576 sanctum
1846 3511 1964 3570 est.
2054 3503 2343 3570 Societas
2382 3514 2487 3572 est

478 3609 657 3675 enim
687 3608 892 3696 (quod
921 3609 1046 3675 etsi
1075 3630 1268 3695 saepe
1298 3608 1553 3675 dictum
1588 3615 1708 3691 est,
1738 3605 2107 3673 dicendum.
2129 3606 2230 3671 est
2264 3613 2486 3674 tamen
2562 3663 2567 3668 .

477 3714 780 3801 saepius),
826 3710 1140 3778 latissime
1185 3710 1457 3797 quidem
1502 3730 1670 3797 quae
1704 3715 1944 3797 pateat,
1974 3707 2275 3792 omnium
2311 3707 2487 3790 inter
