2867 4334
997 409 1136 460 LIB.
1174 407 1277 459 111.
1349 408 1507 459 CAP.
1540 397 1689 458 6-ss
1728 406 1758 468 ς
1791 409 1967 457 32-37.
2350 403 2475 468 135

465 560 588 627 hac
637 566 825 648 parte
869 565 1022 646 post
1071 557 1466 624 Panaetium
1515 557 1939 646 explicatum,
1976 556 2154 645 quod
2207 554 2477 643 quidem

466 664 632 729 mihi
681 662 1091 751 probaretur,
1137 662 1220 728 de
1272 662 1371 746 iis,
1427 683 1595 749 quae
1645 662 1718 726 in
1775 681 2005 726 manus
2063 680 2240 726 meas
2290 679 2481 724 vene-

465 773 641 832 runt.
1772 755 1780 760 ’
2436 767 2445 772 '

555 869 727 935 Cum
759 867 974 955 igitur
1003 867 1223 954 aliqua
1250 867 1499 955 species
1528 867 1836 933 utilitatis
1871 867 2125 934 obieeta
2159 872 2279 950 est,
2309 886 2481 931 eom·
2501 823 2577 967 385

425 972 722 1038 amoveri
773 992 1037 1036 neeesse
1086 979 1224 1052 est3
1268 970 1383 1036 sed
1429 970 1508 1053 si,
1561 992 1713 1036 eum
1755 971 2051 1035 animum
2102 961 2479 1051 attenderiS,

471 1074 955 1162 turpitudinem
1000 1073 1226 1138 videas
1271 1072 1652 1140 adiunctam
1705 1073 1768 1139 ei
1812 1072 1927 1156 rei,
1980 1094 2147 1159 quae
2199 1071 2484 1158 speeiem

473 1174 778 1242 utilitatis
830 1175 1150 1258 attulerit,
1195 1183 1341 1240 tum
1389 1196 1523 1240 non
1576 1174 1831 1240 utilitas
1884 1174 2313 1270 relinquenda
2364 1180 2483 1256 est,

473 1279 586 1346 sed
615 1278 1160 1366 intellegendum,
1182 1277 1300 1343 ubi
1333 1277 1679 1364 turpitudo
1707 1277 1813 1360 sit,
1836 1277 1932 1343 ibi
1960 1277 2315 1342 utilit-atem
2347 1297 2486 1341 esse

475 1403 606 1447 non
638 1401 846 1468 posse.
919 1378 1174 1459 Quodsi
1208 1379 1378 1445 nihil
1397 1388 1499 1445 est
1527 1387 1662 1445 tam
1694 1387 1922 1446 eontra
1951 1387 2255 1444 naturam
2284 1399 2484 1463 quam

405 1506 458 1546 ιο
477 1483 821 1570 turpitudo
868 1483 1072 1569 (reeta
1123 1477 1428 1549 enimet
1485 1481 1947 1548 convenientia
1998 1489 2067 1546 et
2121 1480 2487 1546 constantia

475 1594 708 1652 natura
731 1581 1057 1652 desiderat
1086 1592 1604 1673 aspernaturque
1634 1584 1991 1670 contraria)
2019 1582 2319 1670 nihilque
2349 1591 2486 1648 tam

474 1689 834 1755 seeundum
879 1698 1186 1754 naturam
1232 1709 1429 1790 quarn
1469 1687 1739 1770 utilitas,
1784 1695 1963 1754 certe
2013 1688 2105 1752 in
2134 1687 2365 1752 eadem
2416 1707 2489 1751 re

477 1792 724 1858 utilitas
754 1800 827 1858 et
862 1791 1210 1894 turpitudo
1245 1811 1384 1856 esse
1427 1813 1562 1856 non
1608 1799 1844 1878 potest.
1934 1790 2262 1877 Itemque,
2306 1789 2362 1856 si
2405 1790 2490 1855 ad

477 1893 886 1960 honestatem
930 1893 1074 1959 nati
1117 1913 1344 1958 sumus
1387 1915 1596 1980 eaque
1638 1901 1751 1958 aut
1796 1893 1932 1960 sola
1966 1893 2335 1981 expetenda
2369 1901 2488 1975 est,

407 2005 554 2063 mut
589 1995 838 2062 Zenoni
871 1996 1086 2062 visum
1134 2003 1253 2079 est,
1284 2002 1398 2061 aut
1447 2004 1623 2096 certe
1652 1997 1837 2063 omni
1883 1996 2175 2084 pondere
2226 1996 2492 2084 gravior

478 2098 782 2164 habenda
816 2117 1014 2185 quam
1058 2097 1312 2184 reliqua
1355 2099 1597 2183 omnia,
1635 2099 1813 2186 quod
1859 2099 2208 2166 Aristoteli
2226 2049 2488 2187 epl’aoet

480 2221 742 2267 neeesse
772 2210 894 2283 est,
926 2201 1106 2288 quod
1140 2193 1494 2268 honestum
1538 2203 1643 2285 sit,
1675 2202 1743 2267 id
1783 2223 1919 2268 esse
1961 2211 2077 2268 aut
2120 2189 2333 2268 solum
2378 2210 2493 2267 aut

480 2324 813 2378 summum
851 2305 1138 2387 bonum3
1181 2305 1360 2390 quod
1406 2313 1628 2370 autem
1674 2305 1943 2388 bonum,
1974 2305 2044 2370 id
2075 2312 2249 2371 certe
2285 2305 2489 2370 utile·
2474 2353 2491 2386 ,

479 2406 591 2489 ita,
628 2406 944 2493 quiequid
989 2406 1361 2491 honestum,
1397 2408 1469 2473 id
1515 2407 1698 2472 utile.
1789 2407 2011 2485 Quare
2062 2429 2244 2473 error
2286 2407 2492 2472 homi·
2511 2418 2588 2470 36

409 2530 643 2575 nonum
700 2532 832 2576 non
878 2503 1258 2597 proborum,
1311 2533 1463 2578 eum
1522 2510 1794 2597 aliquid,
1840 2511 2020 2596 quod
2062 2508 2229 2575 utile
2275 2509 2493 2575 visum

433 2620 598 2696 ·est,
643 2614 944 2700 arripuit,
991 2613 1060 2678 id
1115 2614 1430 2679 continuo
1475 2613 1757 2679 secernit
1801 2613 1884 2679 ab
1925 2612 2222 2678 honesto.
2310 2610 2495 2677 Hine

479 2715 667 2799 sicae,
703 2715 870 2782 hino
926 2737 1197 2799 venena,
1247 2716 1400 2782 hine
1453 2716 1621 2782 falsa
1676 2723 2065 2782 testamenta
2115 2723 2492 2798 naseuntur,

480 2816 639 2882 hine
689 2813 895 2900 furta,
936 2818 1297 2914 peculatus,
1344 2819 1778 2905 expilationes
1824 2819 2357 2914 direptionesque
2400 2838 2496 2884 so-

483 2919 734 2985 ciorum
768 2929 837 2985 et
867 2921 1138 3002 civium,
1169 2911 1328 2986 hine
1360 2943 1566 3007 opum
1597 2921 1971 3005 nimiarum,
1996 2921 2331 3008 potentiae
2360 2941 2492 2986 non

413 3021 814 3104 asserendae,
863 3030 1198 3109 postremo
1256 3024 1457 3090 etiam
1514 3025 1583 3087 in
1628 3024 1867 3090 liberis
1923 3025 2301 3091 civitatibus
2356 3044 2497 3109 reg-

483 3125 684 3190 nandi
729 3125 1024 3190 existunt
1068 3125 1484 3212 cupiditates,
1538 3127 1781 3212 quibus
1835 3126 2003 3191 nihil
2054 3149 2177 3192 neo
2224 3127 2496 3191 taetrius

485 3248 605 3292 nee
647 3226 911 3293 foedius
940 3227 1299 3313 excogitari
1335 3236 1570 3314 potest.
1678 3228 2144 3293 Emolumenta
2187 3229 2367 3292 enim
2403 3247 2497 3291 re-

485 3349 633 3393 rum
656 3327 1004 3395 fallacibus
1033 3329 1295 3396 iudiciis
1328 3329 1575 3424 vident,
1600 3345 1883 3449 'poenam
1914 3351 2046 3394 non
2078 3329 2225 3393 dico
2249 3327 2493 3413 legum,

483 3450 680 3514 quam
727 3450 916 3532 saepe
959 3452 1079 3518 per
1082 3441 1420 3519 rumpunt,
1452 3432 1621 3498 sed
1602 3431 1810 3518 ipsius
1843 3429 2295 3517 turpitudiniS,
2328 3450 2524 3515 quae

415 3531 896 3598 macerbissima
930 3542 1050 3617 est,
1080 3555 1214 3600 non
1251 3534 1503 3600 vident.
1594 3533 1811 3611 Quam
1859 3533 1945 3598 ob
1996 3553 2136 3596 rem
2187 3530 2314 3596 hoe
2357 3532 2496 3618 qui-
2516 3541 2590 3601 37

483 3633 636 3699 dem
681 3633 1189 3702 deliberantium
1231 3657 1443 3723 genus
1487 3634 1770 3722 pellatur
1814 3657 1851 3701 e
1894 3633 2114 3699 medio
2159 3634 2283 3718 (est
2318 3634 2497 3700 enim

484 3733 701 3811 totum
754 3729 1140 3804 §colentum
1191 3746 1262 3804 et
1303 3734 1635 3826 impium),
1679 3737 1795 3825 qui
1840 3721 2225 3820 deliberant,
2270 3745 2495 3804 utrum
