2867 4334
853 412 992 464 LrB.
1031 412 1078 464 Ι.
1148 409 1306 463 CAP.
1343 412 1521 464 88-40.
1593 410 1623 473 5
1658 413 1905 467 136-142.
2306 417 2393 480 63

375 561 535 647 lum,
565 561 682 630 sed
717 562 919 628 etiam
960 561 1262 644 aliorum,
1293 559 1386 628 sic
1426 561 1500 626 in
1535 561 1735 628 domo
1777 561 1938 628 clari
1980 561 2287 646 hominis,
2316 565 2391 632 in

375 687 572 756 quam
609 672 678 732 et
705 663 998 752 hospites
1026 663 1223 730 multi
1253 664 1614 751 recipiendi
1650 673 1719 730 et
1748 664 2158 733 admittenda
2184 666 2393 734 homi-

373 791 536 835 num
567 769 884 854 cuiusque
913 767 1095 834 modi
1124 765 1507 850 multitudo,
1530 765 1901 833 adhibenda
1927 791 2084 834 cura
2112 777 2213 835 est
2234 769 2391 835 laxi-

374 872 564 954 tatis3
605 870 801 936 aliter
827 869 1046 956 ampla
1081 870 1319 935 domus
1346 869 1653 935 dedecori
1686 890 1881 957 saepe
1909 871 2182 937 domino
2208 871 2309 955 fit,
2332 872 2391 938 si

323 981 474 1040 sest
502 975 574 1038 in
601 995 679 1039 ea
711 971 1019 1055 solitudo,
1044 979 1112 1036 et
1147 971 1455 1053 maxime,
1478 971 1535 1036 si
1570 970 1923 1057 aliquando
1956 973 2088 1040 alio
2116 974 2389 1040 domino

373 1076 566 1142 solita
598 1083 700 1142 est
729 1074 1161 1162 frequentari.
1249 1072 1577 1138 Odiosum
1606 1081 1707 1139 est
1736 1074 1937 1159 enim,
1961 1097 2115 1142 eum
2142 1097 2183 1141 a
2210 1098 2423 1164 prae--

374 1179 788 1246 tereuntibus
815 1177 1098 1243 dicitur:
1438 1170 1444 1174 ’

457 1310 459 1312 ·
971 1312 1008 1350 o
1033 1295 1236 1348 domus
1258 1293 1509 1365 antiqua,
1524 1283 1637 1350 heu
1662 1307 1833 1366 quam
1856 1295 2072 1368 dispari

613 1427 616 1432 .
685 1383 992 1464 Dominam
1013 1381 1277 1437 domino!
1609 1407 1611 1410 >

303 1517 358 1558 ιο
373 1490 560 1577 quod·
602 1489 873 1576 quidem
923 1486 1030 1552 his
1053 1487 1489 1574 temporibus
1517 1487 1610 1552 -in
1662 1487 1891 1553 multis
1940 1487 2097 1554 licet
2148 1489 2385 1556 dicere.

373 1593 760 1660 Cavendum
803 1599 1023 1657 autem
1070 1598 1191 1673 est,
1227 1591 1613 1677 praesertim
1656 1591 1712 1655 si
1755 1591 1899 1678 ipse
1940 1591 2264 1674 aedificeS,
2302 1614 2387 1658 ne
2407 1603 2525 1659 140

372 1701 558 1762 extra
597 1693 874 1774 modum
917 1701 1188 1779 sumptu
1224 1699 1305 1758 et
1347 1691 1843 1778 magnificentia
1884 1694 2198 1780 prodeas;
2234 1716 2387 1780 quo·

371 1799 444 1862 in
486 1816 729 1885 genere
772 1794 1060 1878 multum
1107 1795 1262 1860 mali
1309 1795 1509 1860 etiam
1556 1796 1625 1860 in
1671 1796 1978 1884 exemplo
2028 1805 2193 1863 est.
2238 1797 2389 1863 Stu

372 1901 555 1966 diosc
597 1899 774 1965 enim
817 1897 1118 1984 plerique
1161 1899 1551 2016 praesertim
1594 1898 1665 1963 in
1702 1898 1872 1965 hanc
1914 1908 2173 1986 partem
2210 1899 2389 1968 facta

302 2003 747 2090 mprincipum
789 2000 1155 2083 imitantur,
1184 1969 1264 2065 ut
1305 1999 1380 2066 L.
1405 1999 1686 2085 Luculli,
1719 2003 1963 2067 summi
2003 2004 2154 2086 viri,
2184 2004 2390 2069 virtu-

371 2113 543 2170 tem
567 2103 759 2190 quisi
824 2110 893 2167 at
947 2123 1148 2188 quam
1207 2101 1402 2167 multi
1459 2102 1766 2168 villarum
1826 2105 2384 2192 magnificentiam

375 2205 676 2290 [imitati]
703 2205 718 2268 1
763 2225 1044 2291 quarum
1073 2203 1344 2289 quidem
1375 2212 1555 2270 certe
1582 2212 1682 2270 est
1710 2204 2121 2276 adhibendus
2152 2207 2388 2273 modus

371 2309 458 2374 ad
501 2307 1144 2393 mediocritatemque
1188 2307 1615 2372 revocandus.
1716 2306 2101 2394 ‘Eademque
2146 2310 2389 2375 medio-

371 2410 574 2478 critas*
609 2409 694 2474 ad
734 2429 1000 2474 omnem
1045 2429 1238 2474 usum
1281 2407 1673 2495 cultumque
1712 2409 1888 2474 vitae
1933 2411 2387 2476 transferenda

302 2521 490 2579 mest.
580 2512 710 2578 Sed
741 2511 901 2577 haee
923 2509 1270 2577 haetenus.

379 2655 384 2658 -
457 2614 540 2680 In
571 2615 749 2680 omni
775 2621 994 2693 autem
1027 2613 1284 2679 actione
1314 2612 1727 2699 suscipienda
1749 2614 1877 2679 tria
1902 2621 2059 2679 sunt
2080 2612 2383 2696 tenenda,
2405 2623 2515 2678 141

373 2717 664 2805 primum
710 2725 787 2781 ιιι
829 2716 1167 2803 appetitus
1210 2714 1451 2780 rationi
1494 2723 1740 2802 pareat,
1772 2738 1904 2804 quo
1947 2715 2117 2781 nihil
2162 2722 2261 2782 est
2302 2717 2387 2782 ad

372 2819 586 2886 officia
623 2818 1070 2885 conservanda
1106 2818 1678 2903 accommodatum,
1708 2820 1951 2886 deinde
1986 2827 2062 2885 ut
2097 2819 2388 2886 animad-

371 2929 686 3005 vertatur,
716 2929 962 3007 quanta
1003 2921 1118 2987 illa
1151 2943 1274 2988 res
1297 2921 1404 3006 sit,
1435 2943 1632 3008 quam
1678 2923 1935 2990 efficere
1978 2922 2277 3006 velimm,
2306 2931 2387 2989 ιιι

303 3043 544 3091 wneve
569 3024 780 3090 maior
807 3045 978 3089 neve
1005 3024 1225 3090 minor
1252 3046 1408 3091 cura
1437 3033 1505 3091 et
1526 3047 1723 3112 opera
1750 3025 2162 3113 suscipiatur,
2186 3047 2385 3113 quam

373 3149 566 3193 cansa
599 3125 910 3214 postulet.
999 3125 1300 3192 Tertium
1341 3135 1462 3210 est,
1485 3136 1562 3192 ιιι
1598 3149 1958 3211 caveamus,
1980 3137 2060 3194 ιιι
2098 3150 2195 3212 ea,
2218 3149 2387 3214 quae

373 3229 710 3316 pertinent
738 3228 821 3292 ad
845 3227 1182 3294 liberalem
1211 3229 1495 3315 speciem
1528 3237 1595 3293 ct
1617 3229 2031 3316 dignitatem,
2050 3229 2387 3295 moderata

374 3333 526 3396 sint.
612 3329 858 3397 Modus
899 3337 1122 3396 autem
1166 3339 1266 3396 est
1305 3330 1598 3417 optimus
1640 3332 1841 3398 decus
1870 3332 2101 3416 ipsum
2136 3329 2385 3412 tenere,-

374 3434 457 3498 de
501 3454 634 3519 quo
677 3441 831 3500 ante
874 3433 1184 3515 diximus,
1221 3453 1344 3498 nec
1385 3433 1696 3518 progredi
1739 3432 2025 3519 longius,
2119 3431 2384 3496 Horum

305 3554 358 3596 ao
375 3545 594 3614 tamen
628 3537 830 3615 trium
859 3535 1511 3625 praestantissimum
1524 3542 1623 3601 est
1652 3537 2022 3622 appetitum
2051 3541 2387 3623 optempe-

370 3660 518 3705 rare
545 3637 804 3704 rationi.
2098 3687 2101 3690 -

459 3739 797 3829 Deinceps
823 3739 908 3808 de
937 3739 1168 3807 ordine
1195 3758 1416 3806 rernm
1448 3746 1520 3806 et
1546 3737 2107 3827 de-oportunitate
2134 3747 2385 3830 tempo-
2404 3717 2519 3863 1⁴4⁰2
