2867 4334
1065 951 1348 1022 LIBER
1404 952 1922 1023 SECUNDUS.

2528 1185 2563 1253 μ

573 1213 791 1292 Quem
843 1213 926 1278 ad
971 1211 1244 1279 modum
1295 1212 1507 1280 officia
1556 1213 1955 1303 ducerentur
2004 1213 2088 1280 ab
2138 1211 2501 1299 honestate,

485 1315 712 1382 Marce
740 1314 857 1397 fili,
881 1321 1080 1401 atque
1115 1315 1196 1380 ab
1232 1315 1416 1380 omni
1450 1336 1693 1400 genere
1728 1315 2013 1398 virtutiS,
2038 1315 2192 1383 satis
2226 1315 2503 1403 explica·

421 1473 426 1476 .
487 1426 633 1483 tum
663 1417 944 1484 arbitror
972 1417 1142 1483 libro
1173 1417 1526 1504 superiore.
1618 1417 1951 1504 Sequitur,
1972 1425 2051 1482 ut
2070 1417 2231 1484 haec
2261 1418 2503 1484 officio-

487 1543 634 1586 rum
670 1542 913 1608 genera
946 1541 1318 1608 persequar,
1343 1541 1511 1606 quae
1546 1520 1883 1607 pertinent
1918 1520 2000 1586 ad
2031 1521 2209 1586 vitae
2243 1520 2501 1586 cultum

443 1631 554 1690 set
597 1625 680 1688 ad
725 1645 951 1688 earum
997 1644 1239 1704 rerum,
1273 1623 1514 1708 quibus
1558 1629 1841 1687 utuntur
1880 1621 2198 1704 homineS‚
2230 1622 2503 1688 faculta-

485 1734 650 1809 tem,
665 1726 748 1791 ad
784 1747 960 1813 opeS,
985 1725 1068 1791 ad
1105 1725 1326 1811 copias
1345 1745 1363 1807 3
1413 1725 1512 1808 [in
1549 1745 1683 1810 quo
1718 1733 1861 1790 tum
1893 1726 2118 1811 quaeri
2153 1725 2313 1806 dixi,
2337 1726 2499 1812 quid

483 1829 667 1911 utile,
689 1829 850 1915 quid
880 1827 1138 1910 inutile,
1160 1835 1303 1892 tum
1335 1849 1415 1892 ex
1448 1827 1721 1892 utilibus
1751 1827 1913 1914 quid
1937 1827 2164 1918 utilius
2192 1835 2307 1893 aut
2336 1829 2501 1915 quid

483 1932 772 1996 maxime
814 1930 1030 2015 utile].
1119 1929 1228 1995 De
1272 1931 1512 2017 quibus
1552 1929 1771 1995 dicere
1814 1930 2177 2017 adgrediar,
2202 1933 2254 1997 si
2293 1952 2501 2019 pauca

485 2034 667 2121 prius
711 2033 796 2098 de
837 2033 1146 2097 instituto
1191 2053 1266 2098 ac
1309 2031 1394 2097 de
1435 2032 1682 2098 iudicio
1726 2054 1877 2098 meo
1920 2033 2168 2099 dixero,
2258 2033 2553 2112 Quam-2

417 2157 469 2200 1⁰
487 2157 684 2224 quam
714 2135 895 2200 enim
919 2135 1071 2200 libri
1096 2134 1302 2200 nostri
1325 2134 1692 2221 complures
1721 2155 1853 2200 non
1881 2136 2078 2201 modo
2108 2136 2189 2201 ad
2212 2135 2495 2223 legendi,

483 2240 598 2306 sed
629 2238 829 2304 etiam
859 2237 942 2303 ad
973 2236 1298 2325 scribendi
1327 2237 1621 2328 stud-ium
1653 2237 2128 2320 excitaverunt,
2153 2246 2373 2304 tamen
2404 2240 2499 2304 in-

485 2342 748 2408 terdum
789 2362 1036 2423 vereor,
1067 2361 1154 2405 ne
1193 2340 1587 2429 quibusdam
1622 2339 1811 2405 bonis
1847 2340 2006 2404 viris
2046 2339 2500 2426 philosophiae

483 2466 726 2530 nomen
751 2444 836 2509 sit
859 2443 1144 2508 invisum
1172 2443 1627 2528 mirenturque
1649 2442 1720 2505 in
1744 2463 1821 2506 ea
1840 2447 2099 2506 tantum
2125 2463 2232 2506 me
2262 2463 2499 2528 operae

484 2555 552 2614 et
582 2547 894 2634 temporis
920 2566 1184 2632 ponere.
1271 2544 1419 2631 Ego
1456 2551 1698 2626 autem,
1722 2564 1919 2629 quam
1951 2543 2066 2607 diu
2102 2565 2205 2608 res
2234 2543 2499 2630 publica

417 2669 469 2710 ιε
485 2673 604 2738 per
648 2672 761 2716 eos
810 2649 1181 2736 gerebatur,
1219 2647 1473 2734 quibus
1511 2667 1581 2711 se
1623 2645 1766 2732 ipsa
1816 2645 2246 2730 commiserat,
2283 2647 2498 2712 omnis

484 2774 661 2819 meas
703 2774 888 2819 curas
933 2751 1494 2838 cogitationesque
1534 2750 1604 2813 in
1650 2769 1797 2814 eam
1840 2748 2298 2831 confereba1n3
2343 2771 2498 2815 cum

483 2861 706 2920 autem
749 2854 1096 2919 dominatu
1137 2853 1336 2918 unius
1379 2852 1603 2918 omnia
1646 2858 2031 2917 tenerentur
2069 2872 2284 2938 neque
2326 2860 2498 2918 esset

483 2978 759 3044 nsquam
813 2955 1085 3022 consilio
1136 2962 1250 3021 aut
1301 2955 1671 3022 auctoritati
1715 2953 1917 3036 locus,
1953 2952 2161 3020 socios
2209 2954 2495 3041 denique

485 3060 766 3127 tuendae
801 3059 898 3124 rei
935 3057 1256 3145 publicae,
1284 3077 1573 3123 summos
1605 3056 1799 3139 viros,
1824 3056 2203 3149 amisissem,
2229 3078 2351 3123 nec
2386 3080 2494 3123 me

417 3163 840 3250 mangoribus
874 3160 1120 3245 dedidi,
1145 3160 1384 3247 quibus
1419 3180 1625 3248 essem
1654 3158 2017 3242 confectae,
2042 3159 2171 3223 nisi
2199 3159 2281 3224 iis
2316 3161 2494 3225 resti-

483 3266 727 3349 tissem',
747 3285 870 3330 nec
900 3269 1158 3328 rursum
1189 3262 1483 3348 indignis
1504 3261 1773 3350 homine
1802 3259 1998 3326 docto
2022 3259 2491 3344 voluptatibus,

489 3367 716 3452 Atque
749 3366 1004 3430 utinam
1037 3386 1140 3430 res
1176 3363 1439 3452 publica
1472 3363 1777 3443 stetisset,
1802 3382 1936 3447 quo
1970 3369 2293 3446 coeperat,
2316 3365 2493 3425 statu
2512 3373 2547 3424 3

483 3489 606 3534 nec
637 3468 710 3532 in
745 3465 1044 3534 homines
1080 3488 1213 3534 non
1253 3475 1388 3530 tam
1429 3462 2043 3529 commutandarum
2078 3482 2274 3547 quam
2315 3482 2494 3528 ever-

483 3569 828 3637 tendarum
851 3591 1071 3637 rerum
1103 3567 1376 3655 cupidos
1397 3563 1771 3630 incidisset!
1859 3563 2165 3628 Primum
2195 3562 2393 3647 enim,
2413 3573 2493 3631 ut

414 3695 466 3738 εις
481 3680 697 3741 stante
718 3696 791 3741 re
811 3673 1079 3762 publica
1097 3671 1316 3737 facere
1339 3666 1725 3750 solebamuS,
1745 3664 1815 3730 in
1841 3663 2097 3754 agendo
2119 3664 2267 3755 plus
2290 3688 2489 3756 quam

2526 1277 2556 1329 1
