2867 4334
834 376 976 427 ΗΒ.
1013 377 1060 428 1.
1130 375 1287 428 CAP.
1325 377 1409 440 43,
1440 377 1521 427 44.
1594 375 1625 436 ς
1662 377 1902 428 152—157.
2294 379 2377 439 69

367 535 481 594 aut
516 526 736 595 metiri
774 525 1008 591 mundi
1047 525 1574 614 magnitudinem
1611 547 1801 613 posse
1840 525 2237 591 arbitretur?
2289 531 2381 590 at·

365 653 494 718 que
523 630 649 696 hoc
677 629 857 695 idem
885 628 955 693 in
987 628 1298 715 parentia,
1322 629 1393 692 in
1423 629 1618 694 amici
1648 650 1717 693 re
1746 636 1861 694 aut
1890 627 2184 714 periculo
2213 626 2381 694 fece-

366 734 510 809 rit„
571 731 831 811 Quibus
873 732 1069 797 rebus
1111 731 1525 818 intellegitur
1565 731 1805 797 studiis
1854 730 2214 818 officiisque
2264 731 2381 797 sci·
2403 746 2517 800 155

369 833 586 902 entiae
612 834 1076 922 praeponenda
1104 855 1242 900 esse
1272 833 1486 900 officia
1512 833 2015 920 iustitiae„quae
2044 833 2385 920 pertinent

301 939 454 1004 *sad
495 936 844 1003 hominum
895 935 1445 1022 utilitatem,.qua
1492 935 1663 1000 nihil
1708 934 1965 1002 homini
2007 956 2146 1002 esse
2188 936 2386 1002 debet

372 1039 726 1126 antiquius.
814 1039 1048 1125 Atque
1075 1037 1196 1120 illi,
1214 1040 1498 1123 quorum
1528 1037 1746 1103 studia
1772 1037 2043 1123 vitaque
2073 1038 2285 1103 omnis
2313 1037 2383 1101 in
2415 1045 2513 1114 44

372 1163 592 1208 rerum
623 1141 1004 1228 cognitione
1034 1147 1288 1205 versata
1321 1147 1442 1223 est,
1467 1147 1687 1205 tamen
1720 1139 1803 1206 ab
1832 1138 2151 1226 augendis
2179 1137 2390 1204 homi-

373 1266 538 1310 num
565 1243 968 1310 'utilitatibus
997 1249 1066 1308 et
1095 1242 1460 1324 commodis
1489 1263 1622 1308 non
1653 1249 2094 1323 recesserunt3
2136 1261 2293 1306 nam
2322 1249 2391 1307 et

376 1347 804 1414 erudiverunt
839 1343 1104 1429 multoS,
1129 1365 1262 1430 qno
1297 1343 1601 1410 meliores
1627 1343 1805 1410 cives
1838 1341 2265 1430 utilioresque
2296 1364 2389 1408 re-

309 1473 362 1514 10
377 1451 500 1516 bus
543 1449 676 1516 suis
721 1447 1005 1536 publicis
1047 1453 1285 1530 essent,
1315 1454 1395 1512 ut
1429 1445 1825 1513 Thebanum
1867 1445 2392 1534 Epaminondam

377 1553 566 1639 Lysis
587 1551 1066 1639 PythagoreuS,
1087 1549 1502 1636 Syracosium
1526 1549 1819 1615 Dion'em
1842 1547 2038 1615 Plato
2067 1548 2395 1636 multique

379 1653 643 1737 multost,
673 1675 924 1741 nosque
963 1653 1112 1740 ipsi,
1144 1651 1463 1738 quicquid
1503 1652 1586 1716 ad
1622 1673 1765 1717 rem
1804 1650 2140 1738 publicam
2178 1649 2396 1716 attuli-

355 1778 548 1840 ·mus,
567 1757 619 1822 si
653 1756 851 1822 modo
880 1754 1135 1842 aliquid
1163 1754 1531 1837 attulimus,
1552 1774 1591 1819 a
1613 1753 2221 1841 doctoribus'atque
2250 1752 2395 1819 doc-

381 1859 556 1925 trina
603 1859 908 1924 instructi
959 1858 1044 1924 ad
1085 1879 1232 1924 eam
1276 1865 1345 1923 et
1395 1857 1611 1923 ornati
1661 1856 2067 1923 accessimus.
2154 1855 2396 1943 Neque
2416 1863 2531 1918 156

316 1983 368 2026 15
385 1961 598 2029 solum
620 1961 760 2027 vivi
789 1969 989 2047 atque
1011 1961 1387 2047 praesentes
1415 1958 2060 2026 studiososdiscendi
2075 1959 2398 2026 erudiunt

383 2073 581 2152 atque
614 2063 874 2147 docent,
903 2063 1019 2128 sed
1053 2062 1180 2129 hoc
1214 2063 1393 2129 idem
1428 2061 1629 2128 etiam
1666 2069 1816 2148 post
1850 2069 2133 2127 mortem
2167 2081 2399 2127 monu-

384 2166 628 2250 mentis
660 2165 1033 2232 litterarum
1067 2173 1522 2252 assequuntur.
1611 2161 1759 2230 Nec
1794 2164 1975 2230 enim
2005 2163 2188 2230 locus
2222 2163 2399 2229 ullus

381 2273 486 2336 est
514 2267 1006 2356 praetermissus
1039 2268 1121 2333 ab
1151 2268 1251 2350 iis,
1276 2268 1392 2354 qui
1421 2267 1506 2333 ad
1536 2265 1733 2354 leges,
1758 2266 1875 2352 qui
1909 2265 1993 2331 ad
2012 2286 2257 2350 mores,
2281 2265 2400 2351 qui

385 2372 469 2437 ad
504 2369 920 2458 disciplinam
955 2370 1052 2436 rei
1087 2369 1392 2457 publicae
1425 2369 1807 2457 pertineret,
1841 2376 1917 2433 ut
1953 2367 2165 2433 otium
2203 2388 2398 2432 suum

317 2495 370 2538 πο
387 2473 468 2539 ad
491 2481 786 2539 nostrum
813 2472 1156 2558 negotium
1180 2469 1534 2538 contulisse
1555 2470 1926 2536 videantur.
2015 2467 2124 2546 Ita
2150 2467 2251 2533 illi
2272 2469 2401 2554 ipsi

385 2575 724 2643 doctrinae
752 2575 988 2641 studiis
1016 2580 1084 2641 et
1115 2573 1473 2661 sapientiae
1502 2572 1711 2638 dediti
1744 2573 1824 2638 ad
1851 2571 2198 2637 hominum
2228 2571 2402 2635 utili-
2492 2570 2497 2572 ’

389 2681 592 2746 tatem
628 2699 813 2744 suam
841 2677 1264 2764 prudentiam
1297 2675 1955 2762 intellegentiamque
1983 2673 2401 2763 potissimum

386 2780 779 2862 'conferunt3
831 2781 916 2847 ob
962 2782 1239 2867 eamque
1289 2779 1491 2844 etiam
1536 2800 1799 2845 causam
1848 2777 2071 2866 eloqui
2122 2777 2401 2865 copiose,
2643 2788 2648 2794 '

388 2883 588 2949 modo
631 2882 1013 2970 prudenter,
1043 2881 1278 2948 melius
1322 2890 1422 2947 est
1458 2903 1659 2968 quam
1691 2881 1804 2948 vel
1846 2881 2218 2948 acutissime
2260 2881 2404 2947 sine
2456 2777 2567 3029 RK

321 2984 768 3071 ineloquentia
807 2984 1114 3070 cogitare,
1146 2984 1325 3070 quod
1360 2985 1673 3072 cogitatio
1713 2984 1781 3048 in
1820 3005 1889 3050 se
1923 2984 2066 3071 ipsa
2098 2984 2401 3067 vertitur,

359 3085 770 3173 :eloquentia
821 3084 1282 3172 complectitur
1325 3091 1457 3168 eos,
1492 3087 1886 3173 quibuscum
1931 3086 2405 3152 communitate
2452 3122 2690 3155 5m2.,...‹

393 3188 605 3254 iuncti
633 3192 878 3272 sumus.
968 3186 1196 3274 Atque
1224 3196 1302 3253 ut
1325 3188 1549 3274 apium
1579 3188 1883 3254 examina
1911 3208 2046 3253 non
2068 3185 2406 3274 fingendo-
2425 3187 2539 3249 157

107 3282 282 3328 ww&
393 3311 542 3354 rum
582 3287 894 3354 favorum
932 3309 1125 3372 causa
1162 3295 1668 3374 congregantur,
1681 3277 1835 3371 Tsed,
1867 3309 2022 3354 cum
2061 3307 2409 3374 congrega-

393 3391 556 3457 bilia
593 3373 829 3456 natura
870 3391 1024 3474 sint,
1054 3391 1322 3478 fingunt
1354 3391 1564 3473 favoS,
1597 3391 1689 3456 sic
1727 3390 2048 3472 homineS,
2077 3410 2151 3455 ac
2196 3387 2408 3453 multo

328 3493 618 3558 suetiam.
642 3493 852 3580 magis
894 3501 1128 3558 natura
1170 3495 1555 3578 congregati
1598 3491 1918 3556 adhibent
1960 3489 2200 3576 agendi
2240 3489 2410 3576 cogi-

397 3595 714 3682 tandique
756 3594 1132 3661 sollertiam.
1219 3592 1477 3677 Itaque,
1507 3592 1635 3656 nisi
1680 3613 1757 3656 ea
1788 3592 2022 3674 virtus,
2052 3613 2220 3678 quae
2260 3613 2411 3658 con-

401 3703 531 3763 stat
571 3719 656 3764 ex
689 3696 1071 3764 hominibus
1113 3694 1398 3779 tuendis,
1428 3693 1503 3760 id
1536 3700 1637 3760 est
1676 3715 1759 3760 ex
1800 3693 2111 3762 societate
2150 3695 2412 3784 generis
