2867 4334
359 1355 396 1407 4

365 2527 402 2578 5

369 3303 404 3356 6

409 371 536 439 124
1193 376 1296 426 DE
1341 375 1649 428 omens

412 524 746 613 quondam
777 526 1159 609 vixerimus,
1191 546 1370 592 nunc
1397 524 1739 612 fugientes
1772 532 2199 614 conspectum
2236 526 2428 594 scele-

413 639 725 711 ratorum,
758 629 998 716 quibus
1028 629 1250 694 omnia
1284 627 1683 712 redundant,
1720 629 2023 696 abdimus
2056 651 2197 713 nos,
2226 651 2428 716 quan-

415 742 559 796 tum
591 731 766 814 licet,
797 740 866 796 et
895 752 1086 818 saepe
1109 731 1230 796 soli
1253 752 1499 796 sumus.
1568 731 1699 797 Sed
1729 733 1884 819 quia
1914 733 2007 798 sic
2036 733 2119 798 ab
2148 732 2429 798 homini-

415 835 540 900 bus
573 833 785 899 doctis
814 834 1201 920 accepimus,
1237 854 1371 899 non
1409 833 1622 899 solum
1660 855 1743 899 ex
1787 833 1979 899 malis
2021 834 2269 922 eligere
2311 835 2431 900 mi-

414 936 595 1000 nima
625 943 948 1022 oportere,
979 935 1092 1000 sed
1123 935 1324 1001 etiam
1353 957 1705 1022 excerpere
1735 958 1817 1021 ex
1847 935 1949 1001 his
1979 937 2157 1023 ipsis,
2182 937 2235 1002 si
2266 937 2427 1023 quid
2470 960 2499 1001 s

415 1039 654 1103 inesset
699 1039 877 1120 boni,
915 1044 1264 1124 propterea
1299 1044 1367 1103 et
1401 1038 1539 1103 otio
1574 1037 1782 1120 fruor,
1814 1059 1947 1104 non
1984 1037 2099 1103 illo
2134 1039 2427 1124 quidem,

414 1161 548 1227 quo
579 1139 859 1206 debebat
889 1139 962 1223 is,
995 1140 1111 1226 qni
1143 1139 1476 1225 quondam
1516 1140 1880 1227 peperisset
1910 1141 2119 1206 otium
2152 1140 2427 1223 civitati,

415 1263 539 1308 nec
581 1264 727 1308 eam
764 1242 1190 1308 solitudinem
1233 1239 1548 1328 languere
1592 1242 1827 1328 patior,
1864 1263 2062 1329 quam
2108 1241 2275 1308 mihi
2318 1242 2432 1308 ad-

417 1345 550 1410 fert
601 1339 968 1427 necessitas,
1005 1365 1140 1409 non
1189 1344 1517 1410 voluntas.
1564 1369 1569 1373 ·
1606 1332 2030 1432 Quamquam
2064 1345 2431 1412 Africanus

417 1448 728 1514 maiorem
751 1447 1016 1513 laudem
1040 1469 1188 1512 meo
1211 1447 1459 1512 iudicio
1482 1449 1964 1534 assequebatur.
2024 1447 2234 1513 Nulla
2251 1449 2425 1514 enim
2448 1470 2499 1510 ιο

415 1551 559 1616 eius
588 1551 840 1637 ingenii
873 1557 1304 1615 monumenta
1333 1550 1645 1615 mandata
1678 1550 1936 1633 litteris,
1969 1551 2230 1615 nullum
2267 1572 2432 1636 opus

415 1653 557 1736 otii,
589 1652 852 1717 nullum
880 1651 1256 1717 solitudinis
1286 1672 1531 1716 munus
1560 1660 1809 1733 exstat3
1855 1674 1935 1716 ex
1967 1673 2101 1738 quo
2129 1651 2431 1738 intellegi

416 1756 615 1822 debet
646 1755 837 1820 illum
869 1755 1110 1819 mentis
1139 1755 1501 1840 agitatione
1532 1754 2171 1839 investigationeque
2192 1759 2428 1818 'earum

416 1879 661 1938 rerum,
699 1878 862 1943 quas
895 1856 1245 1943 cogitando
1275 1856 1816 1943 consequebatur,
1851 1877 1971 1921 nec
2000 1856 2283 1921 otiosum
2309 1877 2432 1922 nec

418 1959 633 2024 solum
683 1979 1000 2045 umquam
1051 1958 1258 2023 fuisse
1277 1978 1296 2040 ;
1340 1979 1463 2023 nos
1515 1964 1759 2038 autem,
1813 1958 1929 2043 qui
1982 1978 2115 2023 non
2168 1965 2427 2023 tantum
2451 1979 2502 2020 15

417 2061 671 2127 roboris
707 2059 1042 2142 habemus,
1073 2068 1152 2125 ut
1187 2059 1586 2146 cogitatione
1630 2059 1827 2125 tacita
1862 2081 1900 2124 a
1927 2059 2286 2126 solitudine
2328 2061 2433 2126 ab·

411 2156 805 2247 strabamur,
857 2164 938 2229 ad
991 2162 1157 2228 hanc
1207 2161 1536 2228 scribendi
1588 2183 1855 2248 operam
1894 2161 2095 2228 ‘omne
2136 2163 2430 2229 studium

419 2277 776 2352 curamque
823 2266 1287 2331 convertimus.
1376 2261 1615 2350 Itaque
1663 2263 1855 2351 plura
1902 2265 2089 2352 brevi
2136 2273 2434 2352 tempore

419 2364 869 2456 eversa'quam
901 2367 1129 2432 multis
1157 2362 1346 2432 annis
1375 2375 1591 2433 stante
1627 2363 1698 2433 re
1734 2367 1999 2454 publica
2033 2367 2429 2455 scripsimus.

507 2472 640 2538 Sed
690 2493 841 2537 cum
896 2468 1516 2556 totaphilosophia,
1554 2469 1649 2534 mi
1694 2469 1947 2552 Cicero,
1992 2469 2321 2555 frugifera
2364 2477 2431 2535 et
2450 2487 2503 2528 ρο

421 2572 758 2640 fructuosa
787 2594 910 2638 nec
941 2572 1072 2637 ulla
1107 2593 1256 2659 pars
1291 2573 1432 2638 eius
1468 2572 1719 2638 inculta
1752 2593 1826 2638 ac
1861 2572 2117 2638 deserta
2150 2573 2255 2654 sit,
2287 2579 2431 2636 tum

420 2676 646 2742 nullus
674 2675 955 2740 feracior
980 2675 1052 2738 in
1086 2696 1162 2739 ea
1196 2673 1378 2740 locus
1407 2683 1509 2741 est
1538 2696 1659 2741 nec
1696 2675 1960 2740 uberior
1991 2695 2189 2760 quam
2220 2674 2305 2739 de
2332 2673 2435 2740 of·
2483 2704 2489 2712 ·

419 2776 607 2858 ficiis,
631 2797 670 2840 a
699 2776 940 2861 quibus
963 2773 1337 2842 constanter
1365 2763 1770 2862 honesteque
1797 2776 2065 2841 vivendi
2088 2784 2435 2863 praecepta

421 2879 776 2943 ducuntur.
868 2877 1108 2960 Quare,
1140 2899 1542 2964 quamquam
1573 2899 1611 2942 a
1642 2877 1962 2964 Cratippo
1990 2875 2233 2962 nostro,
2257 2879 2435 2967 prin-

423 2982 571 3066 cipe
621 2978 820 3044 huius
864 2980 1218 3045 memoriae
1263 2978 1827 3067 philosophorum,
1873 2979 2035 3046 haec
2072 2974 2150 3045 te¹
2180 2981 2506 3047 assiduess

422 3083 652 3148 audire
675 3089 872 3169 atque
904 3081 1198 3170 accipere
1220 3080 1500 3163 confido,
1524 3089 1746 3146 tamen
1770 3082 2134 3148 conducere
2154 3077 2438 3148 arbitror

417 3185 668 3253 talibus
701 3206 892 3251 aures
925 3193 1072 3250 tuas
1115 3179 1390 3250 vocibus
1433 3183 1731 3270 undique
1776 3184 2269 3268 circumsonare,
2312 3206 2441 3252 nec

421 3311 550 3372 eas,
580 3289 638 3354 si
665 3287 811 3355 fieri
840 3287 1065 3375 possit,
1096 3286 1452 3374 quicquam
1482 3281 1664 3351 aliud
1704 3285 1951 3352 audire.
2041 3287 2242 3365 Quod
2284 3309 2437 3355 cum

413 3392 750 3458 omnibus
779 3399 879 3456 est
928 3385 1340 3471 faciendum,
1377 3387 1496 3476 qui
1538 3389 1745 3453 vitam
1768 3388 2133 3455 honestam
2177 3392 2438 3479 ingredi

423 3494 736 3580 cogitant,
771 3499 920 3558 tum
962 3490 1145 3558 haud
1187 3491 1322 3558 scio
1363 3512 1447 3557 an
1486 3491 1739 3557 nemini
1772 3488 1995 3578 potius
2038 3513 2237 3579 quam
2282 3494 2505 3575 tibi3w

423 3597 706 3662 sustines
733 3595 916 3660 enim
936 3611 1382 3680 non'parvam
1412 3593 1937 3679 expectationem
1968 3591 2319 3658 imitandae
2342 3596 2437 3658 in·

425 3697 714 3764 (lustriae
757 3693 1040 3780 nostrae,
1084 3699 1394 3784 magnam
1440 3691 1789 3776 honorum,
1834 3715 1966 3759 non
2013 3692 2263 3789 nullam
2305 3694 2439 3760 for-
