2867 4334
391 347 474 413 80
1171 345 1273 398 DE
1315 345 1623 399 ochns

388 496 460 562 in
513 483 856 563 scribendo
907 517 1142 584 operae
1191 516 1608 582 poneremus,
1644 495 1886 562 deinde
1934 497 2098 583 ipsis
2146 497 2407 585 scriptis

390 620 523 664 non
553 619 648 682 ea,
674 621 841 686 quae
870 619 1067 682 nunc,
1093 599 1206 665 sed
1227 598 1517 664 actiones
1544 605 1799 665 nostras
1828 600 2306 683 mandaremus,
2331 607 2407 665 ut

388 721 580 787 saepe
613 701 916 767 fecimus.
1009 701 1180 767 Cum
1217 707 1437 766 autem
1476 721 1582 767 res
1609 700 1894 788 publica,
1918 701 1987 766 in
2026 723 2158 788 qua
2192 703 2407 769 omnis

390 823 537 868 mea
571 824 746 887 cura,
770 803 1100 890 cogitatio,
1125 824 1326 891 opera
1358 803 1522 890 poni
1558 802 1827 886 solebat,
1853 804 2036 869 nulla
2069 813 2237 871 esset
2272 828 2407 872 om-

387 905 568 989 nino,
587 905 740 972 illae
768 907 1018 972 scilicet
1036 906 1297 972 litterae
1325 906 1786 972 conticuerunt
1807 907 2103 973 forenses
2130 915 2201 974 et
2228 929 2405 974 sena·
2446 932 2475 972 ιε

330 1009 613 1075 4toriae.
701 1008 895 1075 Nihil
929 1031 1125 1096 agere
1159 1017 1384 1075 autem
1419 1030 1571 1074 cum
1608 1008 1868 1075 animus
1902 1031 2038 1075 non
2068 1019 2308 1097 posset,
2334 1013 2399 1076 in

386 1111 492 1177 his
535 1112 770 1178 studiis
813 1113 896 1178 ab
939 1112 1134 1179 initio
1177 1119 1472 1178 versatus
1516 1111 1747 1177 aetatis
1792 1111 2165 1178 existimavi
2211 1113 2407 1180 hone·

385 1215 667 1282 stissime
696 1215 1030 1283 molestias
1063 1236 1253 1302 posse
1282 1214 1547 1302 deponi,
1572 1214 1627 1280 si
1662 1235 1771 1280 me
1806 1215 1888 1281 ad
1918 1215 2402 1303 philosophiam

385 1317 806 1384 rettulissem.
919 1317 1049 1384 Oui
1107 1337 1261 1382 cum
1319 1315 1610 1382 multum
1668 1316 2051 1383 adulescens
2108 1317 2405 1385 discendi

385 1441 578 1488 causa
626 1421 944 1508 temporis
994 1419 1391 1503 tribuissem,
1429 1428 1856 1506 posteaquam
1902 1420 2261 1487 honoribus
2310 1423 2404 1487 in·
2420 1441 2475 1483 ιο

383 1522 630 1590 servire
659 1524 848 1610 coepi
877 1543 1118 1609 meque
1147 1528 1363 1588 totum
1393 1522 1492 1587 rei
1522 1522 1823 1609 publicae
1855 1522 2118 1604 tradidi,
2142 1531 2403 1589 tantum

383 1633 524 1692 erat
556 1625 1014 1714 philosophiae
1047 1624 1195 1708 loci,
1220 1630 1545 1711 quantum
1586 1624 2006 1710 superfuerat
2041 1625 2401 1692 amicorum

385 1723 452 1792 et
487 1729 583 1794 rei
619 1728 922 1814 publicae
965 1728 1412 1814 temporibus;
1456 1727 1527 1792 id
1562 1733 1785 1791 autem
1827 1748 2025 1792 omne
2068 1749 2404 1794 consume-

321 1792 578 1934 {batur
611 1831 683 1894 in
717 1827 1022 1916 legendo,
1053 1829 1381 1895 scribendi
1417 1829 1627 1894 otium
1665 1849 1798 1893 non
1842 1834 2000 1893 erat.
2088 1827 2403 1894 Maximis

384 1931 592 2018 igitur
625 1930 694 1996 in
727 1931 915 1996 malis
949 1930 1076 1997 hoc
1110 1939 1332 1996 tamen
1365 1930 1521 1997 boni
1557 1930 1837 1996 assecuti
1868 1930 2189 2014 videmur,
2212 1937 2292 1996 ut
2326 1953 2400 1997 ea
2421 1945 2473 1988 ¹5

384 2033 622 2099 litteris
661 2033 1138 2117 mandaremus,
1169 2055 1339 2120 quae
1383 2055 1507 2100 nec
1546 2041 1733 2100 erant
1772 2033 1926 2098 satis
1968 2041 2127 2099 nota
2163 2034 2403 2099 nostris

384 2145 453 2202 et
501 2143 690 2202 erant
732 2137 1110 2224 cognitione
1159 2136 1564 2224 dignissima.
1671 2136 1853 2214 Quid
1897 2137 2075 2202 enim
2128 2144 2246 2218 est,
2283 2157 2407 2224 per

383 2237 558 2322 deos,
594 2239 952 2326 optabilius
1000 2239 1338 2326 sapientia,
1376 2238 1540 2326 quid
1584 2239 2039 2326 praestantiuS,
2076 2239 2239 2325 quid
2290 2238 2403 2305 ho·

383 2342 550 2407 mini
594 2342 850 2426 meliuS,
881 2342 1046 2428 quid
1089 2341 1360 2408 homine
1404 2341 1715 2428 dignius?
1802 2341 1999 2408 Hanc
2042 2343 2249 2429 igitur
2282 2342 2400 2428 qui

383 2453 725 2532 expetunt,
757 2443 1138 2532 philosophi
1181 2443 1629 2526 nominantur,
1660 2465 1783 2510 nec
1820 2445 2175 2531 quicquam
2221 2443 2473 2512 alindzo

382 2556 484 2615 est
527 2547 962 2636 philosophia,
999 2547 1058 2612 si
1107 2547 1529 2634 interpretari
1572 2546 1760 2629 velia,
1797 2553 2057 2633 praeter
2106 2545 2398 2611 studium

383 2652 760 2738 sapientiae.
851 2650 1190 2736 Sapientia
1228 2659 1451 2715 autem
1488 2656 1606 2731 est,
1638 2656 1715 2713 ut
1750 2670 1789 2712 a
1825 2649 2159 2715 veteribus
2193 2647 2402 2736 philo-

383 2752 608 2838 sophis
647 2749 997 2818 definitum
1033 2759 1152 2834 est,
1182 2772 1401 2816 rerum
1440 2750 1819 2815 divinarum
1858 2760 1927 2817 et
1961 2750 2401 2817 humanarum

383 2874 875 2938 causarumque,
893 2852 1133 2938 quibus
1155 2873 1270 2917 eae
1293 2872 1394 2917 res
1416 2850 1860 2936 continentur,
1877 2853 2185 2937 scientia3
2213 2853 2402 2920 cuius

384 2953 678 3022 studium
703 2954 821 3040 qui
846 2955 1196 3042 vituperat,
1217 2953 1394 3018 haud
1419 2974 1574 3019 sane
1595 2953 1931 3042 intellego,
1952 2956 2268 3042 quidnam
2292 2955 2398 3037 sit,
2418 2973 2473 3014 w

330 3073 366 3128 6
385 3059 559 3144 quod
591 3056 990 3122 laudandum
1013 3063 1226 3144 putet.
1313 3054 1492 3122 Nam
1526 3056 1665 3122 sive
1688 3056 2043 3124 oblectatio
2064 3057 2404 3142 quaeritur

384 3158 591 3226 animi
633 3158 1026 3245 requiesque
1068 3153 1394 3242 curarum,
1425 3179 1597 3246 quae
1644 3158 1932 3225 conferri
1976 3180 2126 3224 cum
2170 3179 2403 3225 eorum

384 3262 622 3330 studiis
643 3269 879 3349 potest,
902 3261 1019 3349 qui
1047 3282 1310 3349 semper
1337 3261 1593 3350 aliquid
1614 3261 1996 3347 anquirunt,
2016 3261 2195 3347 quod
2227 3281 2405 3348 spec-

383 3375 483 3432 tet
527 3375 598 3434 et
638 3365 855 3432 valeat
897 3365 980 3431 ad
1017 3365 1186 3432 bene
1231 3365 1554 3451 beateque
1596 3364 2001 3430 vivendum?
2052 3366 2193 3430 sive
2234 3364 2403 3430 ratio

385 3469 795 3535 constantiae
841 3467 1239 3554 virtutisque
1290 3467 1577 3549 ducitur,
1621 3473 1737 3531 aut
1781 3465 1941 3533 haec
1994 3487 2097 3554 ars
2146 3473 2248 3532 est
2290 3472 2403 3530 aut
2420 3482 2473 3522 3ο

384 3569 569 3636 nulla
607 3570 900 3653 omnin0,
931 3591 1050 3659 per
1085 3591 1284 3657 quam
1325 3591 1432 3635 eas
1471 3588 1913 3654 assequamur.
2000 3566 2275 3633 Nullam
2312 3565 2401 3629 di·

386 3692 534 3739 cere
577 3692 1036 3740 maxumarum
1077 3669 1298 3740 rerum
1342 3670 1554 3737 artem
1596 3689 1757 3755 esse,
1786 3690 1941 3736 cum
1974 3668 2403 3734 minimarum
