2867 4334
380 335 509 409 134
933 365 940 371 -
1157 340 1264 390 DE
1307 339 1631 392 ormens-

377 493 610 561 bcluae
632 514 670 557 a
701 488 1037 559 communi
1064 496 1404 577 tamquam
1428 488 1856 555 humanitatis
1878 510 2153 577 corpore
2182 493 2391 579 segre-

376 595 592 684 ganda
621 601 736 661 est.
817 593 1042 660 Huius
1069 593 1334 679 generis
1362 593 1778 679 quaestiones
1807 599 1963 658 sunt
1994 615 2222 666 omnes
2256 616 2388 677 eae,

287 704 292 709 ’
378 700 448 763 in
479 697 720 785 quibus
750 719 834 763 ex
865 704 1164 782 tempore
1185 694 1481 788 *officium
1511 695 1899 780 exquiritur.

285 761 359 906 3⁷3
463 799 625 892 Eius
656 799 837 865 modi
867 799 1074 886 igitur
1101 797 1298 864 credo
1327 819 1430 862 res
1461 796 1857 864 Panaetium
1893 805 2391 888 persecuturum

377 903 604 986 fnisse,
635 902 762 967 nisi
802 900 1024 988 'aliqui
1071 921 1251 966 casus
1297 907 1412 965 aut
1466 900 1809 986 occupatio
1856 901 1997 966 eius
2040 901 2390 967 consilium
2432 922 2460 961 ο

376 991 804 1094 peremisset.·
868 1003 985 1070 Ad
1015 1024 1174 1090 quas
1203 1004 1374 1089 ipsas
1405 1002 1913 1069 consultationes
1943 1005 2391 1096 superioribus

378 1107 563 1174 libris
607 1107 762 1173 satis
806 1105 1016 1173 multa
1057 1112 1406 1194 praecepta
1459 1091 1633 1187 sunt,
1684 1126 1767 1170 ex
1826 1106 2065 1191 quibus
2108 1106 2391 1193 perspici

379 1209 603 1296 possit,
636 1209 794 1296 quid
825 1210 910 1274 sit
945 1215 1218 1296 propter
1251 1206 1733 1294 turpitudinem
1772 1207 2192 1294 fugiendum,
2227 1208 2389 1294 quid

377 1313 484 1396 sit,
533 1312 709 1399 quod
761 1312 1006 1378 idcirco
1063 1310 1463 1398 fugiendum
1522 1330 1657 1375 non
1714 1310 1821 1393 sit,
1874 1311 2053 1400 quod
2121 1313 2391 1377 omnino

377 1422 574 1503 turpe
624 1437 757 1480 nou
812 1414 916 1480 sit.
1007 1413 1138 1479 Sed
1189 1414 1505 1501 quoniam
1562 1412 1748 1500 operi
1804 1413 2133 1499 inchoato,
2186 1436 2388 1502 prope
2405 1437 2453 1476 ιο

379 1524 600 1584 tamen
631 1514 936 1583 absoluto
959 1523 1298 1602 tamquam
1326 1511 1672 1603 fastigium
1704 1516 2106 1604 inponimus,
2136 1525 2213 1583 ut
2241 1540 2388 1606 geo-

380 1629 627 1714 metrae
655 1620 868 1710 solent
892 1640 1025 1684 non
1057 1617 1278 1709 omnia
1305 1618 1558 1702 docere,
1584 1619 1697 1684 sed
1724 1620 2076 1706 postulare,
2100 1628 2177 1687 ut
2200 1642 2385 1707 quae·

378 1724 529 1788 dam
562 1723 688 1789 sibi
719 1720 1182 1802 concedantur,
1219 1727 1353 1806 quo
1383 1720 1666 1803 facilius,
1698 1743 1867 1807 quae
1905 1722 2157 1806 volunt,
2190 1722 2387 1809 expli-

378 1833 549 1907 cent,
587 1825 680 1889 sic
709 1845 833 1909 ego
863 1844 900 1887 a
921 1830 988 1888 te
1017 1823 1299 1908 postulo,
1339 1822 1432 1886 mi
1464 1822 1716 1906 Cicero,
1748 1831 1825 1889 ut
1858 1825 2022 1890 mihi
2052 1827 2381 1908 coucedaS,

311 1921 316 1928 ’
379 1927 435 1992 si
462 1934 669 2015 potes,
700 1925 868 1990 nihil
900 1933 1159 2012 praeter
1186 1925 1276 2009 id,
1301 1926 1479 2012 quod
1510 1925 1859 1992 honestum
1892 1928 1996 2010 sit,
2028 1937 2297 2015 propter
2317 1951 2383 1994 se
2400 1950 2451 1990 15

379 2051 520 2096 esse
554 2029 1018 2116 expetendum.
1110 2029 1224 2094 Sin
1259 2027 1385 2095 hoc
1428 2048 1563 2094 non
1611 2029 1763 2114 licet
1807 2051 1927 2116 per
1972 2030 2380 2119 Cratippum,

379 2139 449 2197 at
476 2131 644 2197 illud
673 2133 850 2198 certe
879 2131 1085 2216 dabis,
1109 2131 1290 2220 quod
1317 2131 1667 2198 honestum
1692 2133 1795 2215 sit,
1820 2133 1889 2198 id
1912 2155 2051 2200 esse
2080 2156 2384 2218 maxume

379 2241 649 2322 propter
706 2256 776 2300 se
825 2235 1292 2322 expetendum.
1379 2233 1556 2300 Mihi
1599 2235 1927 2300 utrumvis
1968 2237 2125 2302 satis
2170 2245 2267 2304 est
2319 2247 2384 2304 et

380 2346 525 2428 tum
561 2337 706 2422 hoc,
737 2345 885 2404 tum
927 2337 1096 2404 illud
1143 2337 1545 2426 probabilius
1574 2337 1843 2403 videtur
1886 2360 2010 2405 nec
2055 2348 2385 2426 praeterea

283 2460 360 2514 34
379 2441 728 2530 quicquam
776 2440 1133 2528 probabile.
1224 2440 1330 2506 Ac
1388 2439 1681 2527 primurn
1746 2440 1817 2504 in
1861 2439 1986 2506 hoc
2029 2441 2454 2509 Panaetiusao

378 2543 836 2610 defendendus
863 2541 984 2627 est,
1009 2541 1185 2629 quod
1216 2563 1347 2607 non
1373 2541 1563 2606 utilia
1592 2562 1743 2606 cum
1773 2540 2065 2608 honestis
2092 2565 2385 2629 pugnare

377 2645 732 2732 aliquando
767 2667 956 2732 posse
987 2645 1229 2710 dixerit
1253 2643 1493 2729 (neque
1524 2644 1701 2707 enim
1728 2643 1791 2708 ei
1812 2643 1915 2708 fas
1945 2646 2128 2731 erat),
2152 2646 2266 2712 sed
2290 2669 2385 2732 ea,

380 2768 548 2833 quae
601 2747 984 2832 viderentur
1039 2746 1248 2811 utilia.
1335 2743 1531 2811 Nihil
1580 2767 1737 2811 vero
1788 2746 1971 2829 utile,
2024 2748 2202 2834 quod
2254 2771 2384 2816 non

378 2849 557 2914 idem
595 2848 965 2930 honestum,
1003 2848 1173 2912 nihil
1209 2846 1579 2930 honestum,
1611 2849 1789 2934 quod
1824 2870 1959 2914 non
1995 2850 2174 2916 idem
2226 2853 2390 2918 utile

379 2949 484 3032 sit,
522 2968 713 3035 saepe
748 2941 1028 3014 testatur
1061 2958 1392 3036 negatque
1426 2949 1631 3014 ullam
1669 2957 1921 3036 pestem
1960 2952 2272 3018 maiorem
2318 2955 2455 3017 inst,

379 3051 586 3136 vitam
617 3051 962 3117 hominum
983 3052 1306 3118 'invasisse
1337 3073 1537 3139 quam
1567 3073 1796 3116 eorum
1832 3053 2233 3140 opinionem,
2272 3056 2387 3142 qui

379 3155 503 3220 ista
547 3155 987 3221 distraxerint.
1076 3154 1331 3242 Itaque,
1362 3176 1497 3220 non
1535 3163 1611 3219 ιιι
1644 3155 1997 3242 aliquando
2040 3165 2389 3244 antepone-

379 3280 599 3324 remus
633 3257 824 3325 utilia
859 3256 1172 3341 honestiS,
1209 3259 1323 3323 sed
1358 3265 1437 3322 ut
1471 3279 1547 3322 ea
1582 3258 1723 3323 sine
1759 3281 1976 3325 errore
2012 3259 2389 3328 diiudicare-

378 3382 547 3444 mus,
579 3361 929 3447 siquando
977 3360 1379 3444 incidissent,
1416 3359 1681 3442 induxit
1733 3382 1897 3445 eam,
1930 3383 2097 3448 quae
2144 3363 2391 3430 videre-

379 3471 491 3530 tur
518 3486 675 3547 esse,
713 3485 846 3530 non
880 3485 1049 3550 quae
1095 3471 1283 3545 esset,
1333 3464 1858 3550 repugnantiam.
1948 3465 2142 3532 Hanc
2184 3467 2466 3554 igiturne·

377 3576 634 3654 partem
664 3566 960 3650 relictam
997 3565 1407 3653 explebimus
1439 3565 1645 3647 nullis
1680 3565 2117 3650 adminiculis,
2149 3568 2282 3650 sed,
2314 3576 2388 3631 ιιι

375 3667 639 3752 dicitur,
671 3667 889 3734 Marte
917 3668 1160 3734 nostro.
1201 3668 1205 3672 ’
1251 3667 1494 3753 Neque
1530 3666 1719 3732 ‘enim
1764 3669 2119 3754 quicquam
2165 3676 2262 3734 est
2308 3668 2389 3734 de
