2867 4334
328 897 484 968 105

464 395 549 459 50
1244 390 1348 441 m:
1391 388 1699 442 ors-mus

465 541 804 629 voluptate
846 540 917 605 in
961 539 1250 627 aliquam
1295 537 1779 628 turpitudinem
1821 535 2221 604 delabamur.
2310 536 2479 624 Sup-

463 644 766 732 peditant
794 650 1016 709 autem
1045 650 1114 710 et
1142 663 1412 730 campus
1446 648 1670 709 noster
1701 647 1771 707 et
1798 639 2017 706 studia
2044 638 2332 706 venandi
2364 638 2480 706 ho-

463 753 648 813 nesta
681 745 984 833 exempla
1011 744 1305 811 ludendi.

549 847 682 915 Sed
716 849 1007 935 pertinet
1039 847 1123 913 ad
1166 867 1435 914 omnem
1480 844 1683 912 officii
1724 844 2179 932 quaestionem
2218 863 2481 930 semper

460 950 534 1020 in
562 957 880 1038 promptu
909 948 1172 1033 habere,
1196 956 1524 1035 quantum
1547 955 1782 1014 natura
1803 946 2094 1013 hominis
2114 944 2548 1040 pecudibuso

463 1052 870 1142 reliquisque
911 1051 1126 1120 beluis
1168 1051 1551 1134 antecedat3
1594 1050 1749 1118 illae
1792 1049 1963 1116 nihil
2006 1049 2306 1116 sentiunt
2346 1048 2479 1114 nisi

459 1155 874 1244 voluptatem
903 1154 987 1221 ad
1017 1175 1297 1243 eamque
1331 1155 1645 1222 feruntur
1672 1154 1857 1220 omni
1886 1152 2166 1240 impetu,
2190 1150 2480 1217 hominis

461 1266 688 1326 autem
729 1281 920 1326 mens
960 1258 1273 1326 discendo
1316 1257 1519 1324 alitur
1551 1263 1621 1323 et
1664 1255 2035 1343 cogitandO,
2067 1275 2329 1341 semper
2368 1253 2481 1318 ali-

463 1361 628 1450 quid
669 1370 787 1428 aut
829 1361 1122 1449 anquirit
1155 1369 1274 1426 aut
1307 1359 1450 1447 agit
1484 1358 1887 1445 videndique
1919 1366 1990 1424 et
2024 1355 2333 1422 audiendi
2368 1355 2482 1421 de-

463 1464 818 1532 lectatione
865 1462 1149 1529 ducitur.
1237 1461 1420 1540 Quin
1466 1461 1687 1548 etiam,
1720 1461 1777 1526 si
1822 1461 1971 1548 quis
2012 1467 2112 1526 est
2154 1459 2352 1547 paulo
2395 1459 2478 1524 ad
2496 1476 2551 1517 1⁰

463 1566 840 1654 voluptates
866 1564 1275 1652 propensior,
1305 1562 1507 1630 modo
1536 1585 1623 1629 ne
1652 1564 1739 1630 sit
1768 1585 1851 1629 ex
1880 1562 2211 1650 pecudum
2239 1582 2481 1648 genere

463 1668 648 1756 (sunt
691 1667 872 1734 enim
916 1665 1187 1752 quidam
1229 1664 1535 1732 homines
1574 1687 1709 1731 non
1746 1687 1840 1748 re,
1868 1665 1985 1731 sed
2018 1665 2337 1749 nomine),
2364 1663 2481 1730 sed

465 1772 522 1836 si
565 1770 716 1857 quis
747 1775 846 1834 est
880 1767 1080 1855 paulo
1115 1767 1412 1851 erectior,
1451 1768 1755 1854 quamvis
1789 1766 2133 1854 voluptate
2166 1767 2479 1854 capiatur,

465 1870 752 1938 occultat
805 1876 874 1935 et
930 1868 1298 1935 dissimulat
1359 1870 1733 1956 appetitum
1793 1868 2157 1956 voluptatis
2210 1876 2483 1955 propter

332 1987 448 2043 106
471 1971 954 2040 verecundiam.
1026 1970 1132 2039 Ex
1161 1993 1296 2060 quo
1320 1972 1735 2060 intellegitur
1754 1973 2045 2060 corporis
2068 1971 2477 2058 voluptatem
2494 1990 2549 2034 ιο

467 2095 600 2140 non
632 2074 790 2140 satis
816 2095 958 2140 esse
984 2075 1254 2162 dignam
1278 2073 1569 2140 hominis
1590 2075 2006 2161 praestantia,
2029 2095 2302 2160 eamque
2330 2094 2480 2139 con-

467 2176 681 2243 temni
715 2183 785 2243 et
826 2176 984 2243 reici
1019 2185 1362 2264 oportere;
1405 2177 1507 2242 sin
1552 2177 1639 2243 sit
1681 2176 2031 2265 quispiam,
2067 2178 2183 2264 qui
2226 2174 2479 2263 aliquid

465 2279 717 2346 tribuat
773 2278 1124 2366 voluptati,
1181 2278 1541 2367 diligenter
1594 2279 1660 2345 ei
1718 2279 2082 2346 tenendum
2138 2300 2277 2346 esse
2338 2276 2481 2344 eius

465 2381 790 2449 fruendae
817 2382 1114 2449 modum.
1202 2380 1443 2469 Itaque
1469 2383 1682 2448 victus
1711 2381 2057 2469 cultusque
2086 2382 2375 2470 eorporis
2396 2381 2481 2447 ad

465 2486 918 2552 valetudinem
951 2485 1282 2552 referatur
1315 2494 1384 2551 et
1417 2484 1503 2551 ad
1539 2485 1736 2568 vires,
1764 2506 1897 2552 non
1934 2485 2018 2551 ad
2048 2485 2477 2572 voluptatem.
2496 2504 2553 2545 20

465 2591 698 2676 Atque
725 2589 929 2655 etiam
955 2589 1013 2655 si
1040 2588 1455 2656 considerare
1484 2587 1811 2672 volumus,
1834 2609 2003 2676 quae
2031 2589 2119 2654 sit
2146 2588 2217 2653 in
2246 2595 2483 2654 natura

463 2691 856 2757 excellentia
905 2697 974 2756 et
1019 2691 1330 2777 dignitas,
1381 2690 1867 2777 intellegemus,
1911 2712 2113 2779 quam
2154 2691 2243 2757 sit
2284 2697 2482 2777 turpe

465 2790 762 2857 diffluere
797 2791 1066 2856 luxuria
1088 2798 1156 2857 et
1186 2791 1467 2858 delicate
1496 2813 1571 2858 ae
1592 2792 1882 2859 molliter
1906 2793 2130 2860 vivere
2150 2813 2483 2880 quamque

465 2891 819 2957 honestum
847 2913 1062 2978 parce,
1091 2893 1528 2977 continenter,
1558 2915 1817 2978 severe,
1833 2895 2069 2962 sobrie.

334 3005 449 3067 107
555 2992 1094 3080 Intellegendum
1137 2994 1336 3060 etiam
1373 3003 1473 3061 est
1508 2996 1763 3062 duabus
1797 2998 1985 3085 quasi
2020 3019 2143 3064 nos
2174 3019 2215 3064 a
2248 2956 2554 3063 naturam

467 3095 739 3162 indutos
781 3115 922 3162 esse
963 3096 1300 3182 personis;
1343 3119 1626 3184 quarum
1668 3119 1803 3164 una
1846 3101 2216 3166 communis
2258 3108 2359 3166 est
2398 3121 2485 3166 ex

467 3220 569 3281 eo,
599 3197 779 3285 quod
807 3218 1037 3264 omnes
1064 3199 1417 3286 participes
1452 3222 1683 3267 sumus
1714 3202 1989 3269 rationis
2023 3203 2486 3290 praestantiae-

467 3322 607 3389 que
649 3301 812 3384 eius,
843 3321 976 3387 qua
1017 3301 1471 3368 antecellimus
1512 3303 1759 3387 bestiis,
1790 3325 1830 3370 a
1872 3325 2005 3392 qua
2046 3326 2245 3370 omne
2286 3303 2486 3370 hone-

464 3412 648 3470 stum
675 3403 1122 3490 decorumque
1157 3403 1463 3488 trahitur,
1494 3413 1564 3471 et
1600 3427 1682 3472 ex
1718 3427 1851 3492 qua
1884 3406 2052 3473 ratio
2095 3407 2485 3474 inveniendi

469 3509 670 3576 officii
718 3509 1110 3596 exquiritur,
1156 3509 1362 3576 altera
1401 3520 1647 3595 autem,
1684 3532 1853 3597 quae
1896 3513 2163 3600 proprie
2206 3511 2553 3599 singulisne

469 3617 574 3676 est
607 3611 876 3677 tributa.
964 3611 1064 3678 Ut
1097 3614 1274 3680 enim
1311 3614 1382 3679 in
1419 3615 1801 3702 corporibus
1840 3636 2118 3702 magnae
2152 3615 2487 3681 dissimili-

471 3712 736 3779 tudines
765 3722 922 3779 sunt
949 3713 1138 3799 (alios
1171 3715 1863 3784 videmus-velocitate
1892 3717 1975 3783 ad
2006 3739 2293 3801 cursum,
2325 3717 2487 3784 alios
