2867 4334
401 352 488 417 56
1129 346 1298 397 pn
1325 343 1633 398 ormcns
1740 381 1752 390 .
1846 345 1851 352 ·

399 500 917 585 stit'utorumque
950 497 1231 564 mutatio
1274 505 1392 564 est.
1482 497 1650 564 Eam
1686 491 2124 563 mutationem
2166 497 2221 563 si
2256 493 2430 565 tem-l

400 622 560 689 pora
592 600 1020 684 adiuvabant,
1045 599 1308 666 facilius
1341 597 1882 686 commodiusque
1915 599 2271 683 faciemus3
2314 601 2418 666 sin

401 703 640 786 minue,
665 702 909 769 sensim
943 702 1071 769 erit
1098 699 1709 791 pedetemptimque
1742 701 2065 786 facienda,
2091 710 2167 768 ut
2203 702 2422 770 amici-

401 805 545 888 tias,
568 825 738 892 quae
779 805 1002 870 minus
1051 803 1382 871 delectent
1423 811 1493 870 et
1536 804 1759 869 minus
1800 805 2185 891 probentur,
2208 803 2421 893 magis

402 908 633 974 decere
673 914 941 974 censent
975 906 1302 994 sapientes
1339 908 1585 974 sensim
1620 906 1874 972 diluere
1908 927 2108 992 quam
2146 914 2420 994 repente
2460 928 2489 969 ε
2582 973 2597 988 ,

267 1025 379 1080 121
403 1010 796 1098 praecidere.
886 1007 1313 1076 Commutato
1351 1015 1577 1076 autem
1614 1031 1857 1096 genere
1892 1009 2068 1075 vitae
2107 1011 2291 1075 omni
2325 1031 2421 1075 ra·

403 1113 586 1178 tione
609 1112 972 1180 curandum
997 1111 1114 1196 est,
1130 1119 1208 1178 ut
1224 1111 1293 1177 id
1312 1112 1489 1179 bono
1512 1111 1785 1178 consilio
1802 1111 2037 1178 fecisse
2055 1110 2417 1178 videamur.

403 1215 535 1282 Sed
567 1215 882 1303 quoniam
908 1214 1108 1304 paulo
1143 1221 1298 1281 ante
1326 1215 1583 1280 dictum
1612 1221 1711 1280 est
1738 1213 2094 1280 imitandos
2122 1232 2261 1281 esse
2290 1237 2423 1280 ma·

403 1319 592 1401 ioreS,
614 1318 908 1406 primum
930 1317 1096 1383 illud
1121 1313 1471 1405 exceptum
1494 1320 1601 1400 sit,
1621 1337 1707 1382 ne
1728 1317 1893 1382 vitia
1922 1317 2055 1382 sint
2077 1317 2419 1399 imitanda,

403 1420 666 1504 deinde,
697 1421 753 1486 si
787 1428 1024 1486 natura
1061 1440 1194 1485 non
1231 1420 1426 1503 feret,
1458 1426 1534 1484 ut
1569 1417 1888 1505 quaedam
1929 1417 2177 1485 imitari
2218 1421 2422 1506 possit
2438 1437 2503 1484 ιο·

404 1523 510 1609 (ut
559 1523 916 1611 superioris
955 1520 1134 1586 filius
1177 1519 1662 1608 Africani,'qui
1705 1518 1884 1588 hunc
1926 1520 2139 1588 Paulo
2188 1529 2431 1599 natum,

404 1625 765 1713 adopt-avit,
787 1632 1060 1712 propter
1080 1623 1534 1689 infirmitatem
1560 1623 1961 1690 valetudinis
1988 1645 2120 1690 non
2153 1631 2289 1689 tam
2314 1645 2423 1711 po-

405 1729 538 1795 tuit
572 1729 778 1817 patris
811 1727 1046 1793 similis
1079 1747 1238 1811 esse,
1268 1747 1469 1814 quam
1504 1725 1617 1792 ille
1652 1725 1873 1793 fuerat
1916 1728 2045 1814 sui)
2066 1721 2105 1810 ς’
2126 1727 2181 1792 si
2217 1727 2436 1815 igitur·-

406 1852 542 1897 non
579 1830 827 1917 poterit
861 1828 1001 1895 sive
1043 1849 1260 1896 causas
1295 1829 1697 1896 defensitare
1738 1831 1877 1896 sive
1912 1825 2424 1918 populum-oon·

407 1931 702 2000 tionibus
743 1939 970 1997 tenere
1011 1931 1151 1997 sive
1186 1931 1358 1998 bolla
1399 1953 1647 2020 gerere,
1678 1931 1793 1997 illa
1838 1940 2059 1997 tamen
2096 1939 2503 2020 praestarem

407 2033 698 2117 debebit,
717 2055 885 2121 quae
914 2041 1110 2100 erunt
1137 2033 1207 2097 in
1238 2034 1447 2122 ipsius
1470 2040 1813 2121 potestate,
1838 2033 2180 2117 iustitiam,
2199 2029 2423 2116 fidem,

407 2133 892 2220 liberalitatem,
916 2136 1328 2221 modestiam,
1352 2136 1879 2224 temperantiam,
1904 2157 2037 2224 quo
2081 2137 2302 2200 minus
2344 2136 2429 2201 ab

409 2261 490 2306 eo
519 2238 609 2322 id,
629 2240 808 2327 quod
829 2240 1020 2324 desit,
1039 2241 1430 2327 requiratur.
1522 2240 1817 2328 Optuma
1847 2247 2071 2306 autem
2098 2235 2433 2305 hereditas

411 2363 451 2408 a
490 2343 790 2429 patribus
833 2343 1119 2410 traditur
1161 2343 1386 2409 liberis
1437 2343 1753 2430 omnique
1797 2342 2195 2429 patrimonio
2247 2359 2431 2428 prae·

412 2445 689 2513 stantior
734 2445 946 2534 gloria
996 2447 1264 2512 virtutis
1307 2467 1658 2533 rerumque
1701 2453 2055 2532 gestarum,
2091 2443 2197 2510 cui
2241 2442 2505 2554 dede-2³⁰

205 2591 304 2646 ν
412 2549 544 2616 cori
575 2551 715 2615 esse
735 2548 928 2615 nefas
962 2550 1058 2633 [et
1085 2550 1355 2634 vitium]
1389 2545 1813 2615 iudicandum
1843 2554 1962 2614 est.

214 2604 385 2695 ΚΜ·
499 2650 591 2717 Et
625 2652 938 2738 quoniam
982 2651 1196 2717 officia
1237 2672 1375 2716 non
1417 2650 1649 2717 eadem
1694 2650 2063 2736 disparibus
2106 2648 2431 2715 aetatibus

279 2717 393 2772 122
416 2754 803 2819 tribuuntur
825 2752 1080 2837 aliaque
1108 2760 1264 2816 sunt
1291 2753 1632 2833 iuvenum,
1631 2749 1780 2816 alia
1808 2752 2159 2834 seniorum,
2171 2749 2432 2838 aliquid

415 2855 617 2921 etiam'
669 2854 754 2920 de
795 2853 917 2919 hac
967 2852 1394 2920 distinctione
1446 2851 1803 2918 dicendum
1829 2861 1974 2919 est.
2062 2853 2183 2919 Est
2226 2855 2439 2940 igitur.

415 2955 852 3022 adulescentis
887 2955 1166 3020 maiores
1196 2963 1360 3020 natu
1393 2955 1600 3021 vereri
1638 2976 1852 3042 exque
1887 2956 1969 3022 iis
1998 2954 2289 3043 deligere
2323 2977 2503 3042 op-au

417 3059 617 3123 timos
667 3063 735 3122 et
778 3055 1610 3143 probatissimos,'quorum
1656 3057 1930 3125 consilio
1973 3066 2175 3144 atque
2216 3065 2437 3122 aucto-

416 3159 613 3225 ritate
667 3159 957 3250 nitatur3
1017 3158 1311 3224 ineuntis
1362 3159 1541 3224 enim
1601 3159 1835 3227 aetatis
1883 3160 2145 3226 inscitia
2200 3179 2433 3244 senum

417 3261 875 3328 constituenda
919 3267 988 3326 et
1031 3261 1320 3346 regenda
1363 3261 1715 3349 prudentia
1759 3271 1877 3329 est.
1967 3261 2436 3328 Maxunrff‘au-

418 3372 558 3430 tem
591 3363 754 3431 haec
787 3371 962 3430 aetas
996 3386 1035 3429 a
1068 3357 1466 3432 libidinibus*
1493 3365 1773 3432 arcenda
1807 3372 1908 3431 est
1943 3365 2438 3451 exercendaque

418 3466 490 3531 in
512 3467 734 3533 labore
762 3466 1212 3554 patientiaque
1241 3475 1312 3534 et
1339 3468 1545 3534 animi
1575 3465 1644 3534 et
1672 3469 1985 3555 corporiS,
2004 3476 2082 3534 ut
2112 3489 2341 3534 eorum
2370 3474 2509 3532 etna

419 3568 492 3633 in
527 3567 777 3635 bellicis
810 3577 878 3634 et
913 3569 984 3634 in
1019 3569 1326 3636 civilibus
1362 3570 1595 3638 officiis
1630 3572 1851 3658 vigeat
1884 3570 2227 3636 industria.
2316 3567 2440 3630 At-
2470 3588 2474 3593 ·

421 3690 553 3758 que
588 3671 788 3737 etiam
827 3693 980 3738 cum
1015 3671 1310 3740 relaxare
1347 3673 1602 3738 animos
1637 3679 1704 3738 et
1737 3671 1895 3737 dare
1935 3693 2003 3736 se
2039 3666 2438 3736 iucunditati
