2867 4334
939 427 1082 478 LIB.
1120 427 1194 476 11.
1265 425 1425 477 CAP.
1472 429 1553 490 1⁷,
1588 429 1668 477 18.
1739 425 1769 488 9
1804 428 1981 478 58-63.
2350 431 2474 492 103

462 574 792 661 praeclara
814 574 927 640 illa
958 575 1312 662 propylaea
1340 577 1713 644 coniecerit.
1803 577 1935 644 Sed
1965 576 2049 644 de
2077 575 2205 643 hoc
2232 599 2475 664 genere

465 686 605 743 toto
641 677 712 742 in
749 679 832 744 iis
867 678 1070 763 libris,
1108 701 1274 766 quos
1309 679 1392 746 de
1426 702 1499 745 re
1535 680 1804 768 publica.⁴
1843 679 2091 767 scripsi,
2122 680 2477 768 diligenter

463 788 563 846 est
606 781 1035 868 disputatum.
1127 782 1299 848 Tota
1330 783 1543 870 igitur.
1573 784 1740 849 ratio
1775 783 2011 848 talium
2046 783 2472 870 largitionum

463 905 704 970 genere
734 884 968 950 vitiosa
997 891 1116 967 est,
1149 886 1558 971 temporibus
1587 885 1961 969 necessaria,
1984 893 2053 952 et
2082 894 2227 952 tum
2256 886 2475 974 ipsum

421 995 533 1052 set
561 987 643 1051 ad
672 987 1024 1053 facultates
1059 987 1609 1054 accommodanda
1652 997 1719 1054 et
1764 989 2217 1056 mediocritate
2260 990 2476 1056 mode-

462 1090 665 1155 randa
694 1087 811 1155 est.

548 1193 631 1257 In
660 1192 778 1258 i‘llo
813 1198 1037 1258 autem
1069 1191 1274 1260 altero
1309 1214 1553 1281 genere
1588 1193 1933 1281 largiendi,
1966 1195 2146 1282 quod
2182 1216 2220 1260 a
2254 1163 2569 1306 libera-{3

464 1295 650 1361 litate
695 1293 1149 1382 proficiscitur,
1181 1319 1316 1362 non
1353 1319 1488 1362 uno
1526 1297 1723 1363 modo
1758 1296 1828 1361 in
1866 1298 2231 1384 disparibus
2265 1299 2475 1364 causis

465 1398 712 1464 adfecti
742 1419 880 1463 esse
911 1399 1241 1465 debemus
1337 1399 1492 1464 Alia
1523 1420 1713 1465 causa
1747 1408 1847 1465 est
1881 1401 2042 1484 eius,
2073 1401 2189 1487 qui
2218 1399 2477 1467 calami-

359 1521 448 1562 ·1⁰
467 1509 601 1566 tate
645 1502 986 1588 premitur,
1022 1509 1090 1567 et
1133 1503 1294 1585 eius,
1331 1502 1450 1589 qui
1492 1523 1597 1567 res
1638 1502 1942 1568 meliores
1984 1501 2242 1588 quaerit
2276 1502 2476 1567 nullis

464 1605 598 1669 suis
632 1605 826 1670 rebus
869 1604 1176 1678 adversis.
1267 1603 1671 1691 Propensior
1708 1604 2079 1692 benignitas
2115 1626 2253 1670 csse
2286 1603 2475 1670 debe·
2495 1613 2569 1666 62

465 1709 562 1772 bit
605 1707 677 1771 in
739 1707 1167 1791 calamitosOS,
1212 1707 1340 1772 nisi
1392 1707 1571 1773 forte
1614 1716 1811 1773 erunt
1853 1707 2043 1794 digni
2087 1707 2472 1774 calamitate.

463 1808 543 1874 In
591 1810 672 1876 iis
715 1818 958 1893 tamen,
995 1811 1110 1896 qui
1147 1831 1216 1876 se
1251 1805 1548 1875 adiuvari
1595 1810 1839 1894 volent,
1878 1832 2011 1876 non
2047 1831 2132 1875 ne
2168 1807 2477 1896 adfligan-

463 1920 592 1996 tur,
637 1913 752 1978 sed
806 1922 882 1977 ut
926 1911 1225 1978 altiorem
1271 1913 1550 1998 gradum
1596 1913 1967 1995 ascendant,
2013 1912 2293 1978 restricti
2337 1934 2481 1980 om-

395 2016 622 2081 mnino
658 2036 796 2080 esse
833 2014 1017 2079 nullo
1056 2014 1252 2080 modo
1287 2014 1623 2096 debemus,
1661 2015 1775 2081 sed
1817 2015 1888 2079 in
1936 2014 2307 2102 deligendis
2340 2015 2477 2080 ido-

463 2119 604 2183 neis
633 2118 952 2182 iudicium
985 2125 1052 2183 et
1083 2117 1495 2204 diligentiam
1532 2117 1861 2184 adhibere.
1935 2117 2117 2184 Nam
2147 2117 2475 2206 praeclare

461 2218 754 2286 Ennius:

805 2323 958 2378 Bene
979 2322 1130 2378 fficta
1153 2323 1299 2378 male
1323 2323 1510 2378 locata
1532 2323 1677 2377 male
1700 2323 1851 2378 facta
1874 2322 2129 2378 arbitror.

465 2429 661 2507 Quod
690 2438 912 2494 autem
946 2429 1268 2494 tributum
1299 2436 1398 2493 est
1429 2429 1604 2493 bono
1631 2429 1771 2493 viro
1800 2435 1869 2493 et
1896 2435 2105 2515 grat0‚
2129 2426 2197 2491 in
2223 2449 2301 2492 eo
2324 2449 2472 2494 cum
2495 2439 2569 2492 63

396 2552 546 2598 mex
578 2533 719 2618 ipso
749 2533 1008 2597 fructus
1041 2540 1158 2613 est,
1199 2539 1341 2597 tum
1379 2531 1581 2596 etiam
1616 2552 1697 2595 ex
1733 2531 1986 2595 ceteris,
2077 2529 2476 2594 Temeritate

465 2636 640 2700 enim
665 2643 918 2700 remota
933 2635 1302 2722 gratissima
1325 2641 1424 2699 est
1448 2633 1822 2716 libera-litaS,
1842 2654 2052 2719 eoque
2070 2653 2212 2698 eam
2234 2631 2475 2697 studio-

463 2740 598 2803 sius
647 2738 946 2826 plerique
995 2737 1286 2819 laudant‚
1339 2736 1517 2823 quod
1564 2735 1807 2802 summi
1857 2737 2175 2822 cuiusque
2220 2735 2477 2801 bonitas

464 2862 813 2908 commune
844 2837 1228 2927 perfugium
1260 2848 1359 2906 est
1386 2839 1707 2906 omnium.
1774 2838 2015 2904 Danda
2042 2839 2248 2926 igitur
2277 2860 2477 2926 opera

464 2951 583 3026 est,
608 2951 683 3008 ut
713 2945 794 3008 iis
822 2940 1162 3008 beneficiis
1189 2939 1388 3028 quam
1419 2940 1741 3028 plurimos
1769 2941 2167 3025 adficiamus,
2192 2963 2473 3028 quorum

396 3047 782 3113 asme'moria
831 3044 1055 3112 liberis
1106 3044 1516 3132 posterisque
1560 3045 1893 3131 prodatur,
1939 3052 2016 3110 ut
2064 3045 2147 3110 iis
2195 3045 2475 3131 ingratis

465 3171 603 3215 esse
654 3171 788 3215 non
841 3149 1055 3214 liceat.
1147 3147 1396 3212 Omnes
1447 3147 1624 3213 enim
1684 3147 2118 3214 inmemorem
2172 3147 2473 3214 beneficii

466 3251 746 3316 oderunt
775 3271 1054 3336 eamque
1084 3249 1388 3314 iniuriam
1414 3250 1483 3313 in
1518 3249 1906 3316 deterrenda
1935 3249 2323 3315 liberalitate
2348 3248 2473 3312 sibi

467 3352 668 3418 etiam
730 3352 876 3418 fieri
934 3373 1236 3438 eumque,
1289 3355 1406 3438 qui
1463 3351 1684 3434 faciat,
1738 3371 2157 3416 communem
2214 3349 2471 3413 hostem

465 3454 840 3520 tenuiorum
887 3462 1144 3542 putant.
1234 3455 1465 3539 Atque
1511 3453 1671 3518 haec
1720 3452 2089 3537 benignitas
2134 3451 2331 3514 etiam
2376 3450 2473 3514 rei

396 3557 767 3645 aopublicae
812 3567 910 3623 est
955 3557 1156 3638 utilis,
1193 3556 1431 3621 redimi
1475 3576 1513 3618 e
1548 3554 1867 3618 servitute
1910 3558 2155 3638 captos,
2192 3551 2473 3638 locuple-

466 3662 589 3725 tari
619 3661 988 3741 tenuiores3
1033 3659 1210 3744 quod
1241 3658 1510 3744 quidem
1545 3655 1739 3743 volgo
1776 3654 2043 3720 solitum
2079 3652 2224 3719 fieri
2258 3655 2341 3720 ab
2377 3677 2475 3721 or-

466 3763 620 3829 dine
662 3770 887 3828 nostro
931 3761 1003 3824 in
1040 3761 1333 3826 oratione
1370 3758 1586 3825 Crassi
1630 3757 1949 3845 scriptum
1993 3757 2255 3845 copiose
2298 3758 2473 3824 vide-
