2867 4334
75 3056 362 3160 „w

925 380 1145 432 L113.1.
1217 379 1378 432 CAP.
1415 381 1609 448 aaa&
1674 377 1986 442 §126-131.
2376 379 2461 445 59

453 537 520 596 et
553 551 639 596 ne
667 528 828 616 quid
862 530 1105 597 durum
1137 538 1254 597 aut
1279 531 1601 598 rusticum
1636 529 1743 596 sit.
1830 528 1979 596 Nec
2014 549 2172 595 vero
2207 527 2463 594 histrio-

452 633 647 700 nibus
680 634 1176 721 oratoribusque
1211 633 1710 701 concedendum
1743 640 1862 716 est,
1884 640 1963 698 ut
1998 632 2081 698 iis
2115 631 2277 698 haec
2310 638 2466 719 apta

453 737 603 819 sint,
624 736 814 804 nobis
835 736 1167 803 dissoluta.
1259 736 1726 803 Scaenicorum
1749 735 2023 823 quidem
2044 756 2189 801 mos
2212 742 2464 802 tantam

457 838 652 906 habet
674 846 896 906 vetere
926 838 1274 927 disciplina
1294 838 1782 921 verecundiam,
1799 839 1967 904 utin
1998 859 2299 904 scaenam
2322 838 2465 902 sine

418 941 862 1029 ssubligaculo
903 941 1180 1028 prodeat
1222 961 1459 1024 nemo;
1506 948 1821 1007 verentur
1860 939 2063 1023 enim,
2092 961 2201 1024 ne,
2230 939 2288 1006 si
2328 961 2466 1026 quo

459 1065 608 1110 casu
650 1043 966 1127 evenerit,
999 1051 1074 1108 ut
1114 1044 1410 1130 corporis
1445 1051 1665 1130 partes
1708 1041 2029 1130 quaedam
2067 1044 2464 1130 aperiantur,

457 1147 852 1233 aspiciantur
881 1167 1012 1211 non
1044 1145 1298 1212 decore.
1386 1145 1638 1212 Nostro
1668 1144 1939 1231 quidem
1970 1164 2153 1210 more
2182 1166 2339 1210 cum
2360 1165 2468 1230 pa·

457 1248 751 1315 rentibus
779 1248 1057 1333 puberes
1083 1246 1230 1330 filii,
1255 1268 1407 1314 cum
1442 1246 1680 1313 soceris
1706 1245 1936 1333 generi
1972 1266 2107 1311 non
2139 1245 2465 1313 lavantur.

457 1349 829 1416 Retinenda
877 1350 1085 1436 igitur
1131 1356 1233 1415 est
1284 1349 1499 1416 huius.
1531 1349 1791 1437 generis
1839 1348 2259 1432 verecundia,
2287 1369 2469 1436 prae·-

396 1474 444 1517 ιο
459 1453 685 1520 sertim
718 1460 953 1518 natura
985 1452 1130 1538 ipsa
1165 1452 1475 1538 magistra
1508 1461 1579 1517 et
1611 1451 1799 1518 duce.

546 1554 718 1621 Cum
753 1561 978 1620 autem
1011 1553 1527 1641 pulchritudinis
1562 1554 1695 1620 duo
1727 1574 1973 1641 genera
2005 1553 2159 1637 sint,
2185 1574 2466 1641 quorum

459 1659 528 1725 in
571 1656 774 1724 altero
818 1665 1128 1724 venustas
1177 1664 1296 1739 est,
1333 1658 1404 1722 in
1450 1656 1657 1723 altero
1705 1657 2014 1744 dignitas,
2052 1665 2471 1723 venustatem

460 1760 845 1827 muliebrem
870 1759 1110 1826 ducere
1138 1759 1479 1842 debemus,
1495 1758 1893 1846 dignitatem
1918 1758 2202 1825 virilem.
2290 1757 2472 1846 Ergo

459 1871 529 1929 et
557 1884 596 1928 a
621 1861 840 1928 forma
867 1868 1286 1927 removeatur
1318 1861 1537 1928 omnis
1563 1860 1709 1928 viro
1740 1883 1872 1928 non
1904 1862 2146 1949 dignus
2180 1869 2469 1946 ornatus,

401 1974 530 2033 uset
550 1965 706 2031 huic
725 1963 940 2030 simile
964 1965 1204 2030 vitium
1226 1965 1296 2028 in
1324 1973 1516 2051 gestu
1539 1972 1858 2051 motuque
1886 1973 2210 2032 caveatur.
2290 1965 2471 2032 Nam

469 2075 538 2136 et⁴
557 2067 926 2156 palaestrici
946 2060 1166 2132 motiis
1194 2074 1349 2132 sunt
1371 2088 1565 2154 saepe
1593 2067 1966 2150 odiosiores,
1986 2077 2055 2134 et
2077 2068 2473 2134 histrionum

473 2193 606 2238 non
641 2169 809 2236 nulli
838 2176 1062 2256 gestus
1093 2169 1363 2256 ineptiis
1395 2191 1531 2236 non
1562 2178 1815 2253 vacant,
1839 2178 1907 2236 et
1941 2170 2011 2235 in
2048 2179 2333 2259 utroque
2366 2192 2474 2258 ge·

468 2295 624 2340 nere
657 2293 828 2359 quae
860 2279 1014 2337 sunt
1047 2279 1224 2338 recta
1255 2278 1325 2336 et
1357 2271 1704 2359 simplicia,
1736 2271 2105 2338 laudantur.
2196 2272 2473 2339 Formae
2581 2281 2588 2289 '

462 2384 698 2443 autem·
717 2374 1006 2461 dignitas
1043 2373 1278 2466 coloris
1315 2373 1611 2440 bonitate
1645 2373 1893 2439 tuenda
1930 2382 2048 2456 est,
2080 2373 2259 2440 color
2296 2395 2472 2440 exer-

395 2477 884 2546 mcitationibus
925 2476 1236 2563 corporis.
1324 2475 1731 2541 Adhibenda
1766 2483 2103 2562 praeterea
2144 2475 2475 2541 munditia

461 2590 560 2648 est
590 2601 722 2662 non
759 2579 984 2644 odiosa
1016 2597 1233 2664 neque
1266 2575 1594 2663 exquisita
1628 2575 1848 2660 nimis,
1872 2584 2134 2642 tantum
2169 2596 2339 2664 quae
2370 2576 2474 2641 fu·-

461 2685 600 2772 giat
641 2689 966 2770 agrestem
1019 2689 1090 2747 et
1132 2679 1561 2746 inhumanam
1606 2679 2117 2767 neglegentiam.
2222 2677 2475 2746 Eadem

463 2788 630 2853 ratio
681 2793 782 2853 est
823 2783 1125 2850 habenda
1173 2782 1473 2867 vestitus,
1510 2784 1580 2848 in
1626 2804 1780 2871 quo,
1818 2782 1987 2849 sicut
2027 2781 2101 2849 in
2143 2780 2475 2871 plerisque

462 2890 678 2971 rebus,
707 2886 1126 2954 mediocritas
1168 2887 1420 2973 optima
1464 2894 1582 2953 est.
1672 2885 2061 2953 Cavendum
2098 2893 2318 2953 autem
2356 2898 2472 2969 est,
2494 2898 2605 2952 131

395 3013 550 3058 asne
583 2999 699 3057 aut
733 2989 1154 3055 tarditatibus
1187 2997 1457 3056 utamur
1488 2988 1569 3054 in
1604 2989 1899 3076 ingressu
1934 2988 2367 3073 mollioribus,
2401 2997 2475 3054 ut

463 3115 874 3182 pomparum·
892 3091 1166 3185 ferculis
1197 3092 1445 3158 similes
1480 3113 1619 3158 esse
1654 3092 2017 3174 videamur,
2040 3101 2155 3158 aut
2185 3093 2260 3158 'in
2295 3092 2476 3159 festi·

466 3197 841 3262 nationibus
895 3195 1350 3282 suscipiamus·
1383 3195 1621 3261 nimias
1678 3193 2059 3277 celeritates,
2096 3216 2266 3281 quae
2320 3216 2476 3260 cum

465 3299 658 3382 fiunt,
693 3296 1023 3366 anhelitus
1077 3304 1452 3380 moventur,
1488 3289 1716 3363 vultus
1774 3303 2139 3380 mutantur,
2178 3317 2292 3362 ora
2350 3303 2478 3361 tor-

467 3409 791 3488 quentur-3
835 3423 918 3467 ex
962 3400 1204 3487 quibus
1247 3420 1489 3486 magna
1529 3397 1925 3486 significatio
1958 3396 2038 3462 fit
2076 3417 2210 3463 non
2256 3397 2477 3464 adesse

400 3526 454 3568 οο
470 3504 924 3570 constantiam.
1005 3503 1134 3568 Sed
1159 3500 1373 3567 multo
1402 3501 1603 3566 etiam
1625 3501 1837 3586 magis
1867 3498 2337 3565 elaborandum
2357 3507 2475 3583 est,

469 3627 556 3672 ne
592 3606 798 3672 animi
833 3597 1052 3672 motus
1087 3627 1124 3669 a
1159 3610 1394 3668 natura
1426 3600 1774 3683 recedant3
1817 3599 1999 3687 quod
2036 3621 2475 3688 assequemur,

471 3707 528 3773 si
555 3708 952 3791 cavebimus,
971 3727 1057 3772 ne
1084 3706 1156 3771 in
1179 3703 1709 3792 perturbationes
1736 3710 1939 3791 atque
1964 3702 2481 3773 exanimationes
2514 3756 2521 3762 -

2512 1512 2603 1582 86

2490 1603 2606 1658 130
