2867 4334
387 392 477 457 36·
930 430 936 434 .
1162 389 1263 440 DF.
1306 387 1613 442 ormcns

383 540 569 606 Haec
611 539 820 627 igitur
851 539 992 626 ipsa
1035 539 1310 605 fortuna
1351 546 1605 605 ceteros
1647 559 1831 604 casus
1872 539 2145 606 rariores
2178 539 2395 624 habet,

381 643 672 729 primum
715 644 798 708 ab
838 641 1146 707 inanimis
1191 641 1525 730 procellas,
1557 648 1999 729 tempestateS‚
2030 643 2397 731 naufragia,

381 745 620 829 ruinas,
640 744 962 826 incendia,
984 744 1226 810 deinde
1247 766 1286 810 a
1307 745 1535 810 bestiis
1564 745 1753 827 ictus,
1776 765 2048 828 morsus,
2067 745 2358 832 impetus
2376 767 2398 828 3

287 857 361 909 20
382 847 540 912 haec
558 867 734 933 ergo,
754 854 830 911 ut
846 846 981 911 dixi
987 895 1005 930 ,
1023 846 1284 912 rariora.
1351 846 1452 911 At
1473 867 1625 912 vero
1645 846 1950 912 interitus
1964 848 2393 931 exercituum,

288 2093 359 2147 21

380 956 457 1013 nt
480 949 778 1036 proxime
800 949 1023 1032 trium,
1045 969 1236 1036 saepe
1258 947 1643 1032 multorum,
1665 946 1879 1014 clades
1901 947 2393 1036 imperatorum,
2436 969 2464 1009 ιε

384 1060 458 1118 ut
497 1072 710 1138 nuper
753 1051 996 1116 summi
1040 1058 1108 1117 et
1153 1050 1505 1138 singularis
1547 1051 1694 1132 viri,
1724 1049 2017 1116 invidiae
2058 1059 2396 1138 praetcrea

383 1153 827 1220 multitudinis
849 1160 1046 1240 atque
1076 1152 1164 1219 ob
1185 1173 1293 1218 eas
1318 1153 1485 1218 bene
1514 1153 1901 1218 meritorum
1924 1173 2119 1239 saepe
2148 1154 2394 1220 civium

381 1255 814 1344 expulsioneS,
839 1255 1256 1337 calamitateS,
1279 1254 1501 1342 fugae,
1525 1274 1877 1341 rursusque
1912 1253 2237 1321 secundae
2270 1277 2395 1339 res,

382 1359 680 1442 honoreS,
714 1358 1013 1446 imperia,
1053 1357 1384 1439 victoriae,
1427 1377 1831 1444 quamquam
1884 1357 2165 1424 fortuita
2220 1369 2395 1442 sunt,

383 1471 603 1527 tamen
661 1461 804 1526 sine
860 1460 1206 1526 hominum
1265 1459 1505 1545 opibus
1554 1466 1623 1524 et
1676 1459 1913 1525 studiis
1969 1467 2273 1526 neutram
2324 1461 2464 1526 inm

381 1572 635 1652 partem
678 1561 849 1628 effici
893 1568 1185 1649 possunt.
1283 1561 1437 1627 Hoc
1478 1561 1689 1648 igitur
1732 1562 1999 1648 cognito
2040 1562 2393 1628 dicendum

381 1673 498 1749 est,
519 1686 806 1752 quonam
839 1665 1035 1730 modo
1065 1663 1289 1730 homin
1301 1685 1412 1728 um
1442 1663 1659 1729 studia
1686 1663 1771 1728 ad
1794 1663 2113 1728 utilitates
2135 1673 2397 1730 nostras

381 1769 646 1833 allicere
675 1773 873 1853 atque
906 1766 1192 1832 excitare
1225 1766 1570 1852 possimus.
1660 1764 1847 1843 Quae
1880 1765 1937 1830 si
1966 1764 2233 1851 longior
2255 1765 2398 1831 fue·

382 1871 469 1936 rit
504 1869 733 1950 oratiO,
763 1890 917 1934 cum
960 1869 1421 1954 magnitudine
1466 1867 1771 1933 utilitatis
1811 1874 2261 1953 comparetur3
2302 1868 2398 1932 ita

381 1973 662 2038 fortasse
689 1971 886 2037 etiam
919 1970 1568 2037 breviorvidebitur.
1676 1973 1681 1980 '
2411 1995 2465 2037 ιε

470 2074 942 2161 Quaecumque
970 2073 1179 2160 igitur
1198 2071 1501 2139 homines
1523 2072 1777 2139 homini
1810 2073 2115 2139 tribuunt
2137 2073 2217 2139 ad
2242 2092 2396 2140 eum

383 2176 762 2264 augendum
789 2185 988 2263 atque
1011 2174 1514 2260 honestandam,
1536 2183 1652 2242 aut
1676 2175 2159 2242 benivolentiae
2187 2177 2399 2264 gratia

381 2281 656 2363 faciunt,
693 2300 843 2345 cum
887 2279 1106 2366 aliqua
1149 2277 1234 2344 de
1276 2299 1471 2345 causa
1513 2279 1893 2366 quempiam
1937 2279 2246 2365 diligunt,
2282 2286 2399 2344 aut

381 2383 667 2464 honoriS,
691 2382 745 2447 si
776 2381 960 2448 cuius
989 2381 1308 2447 virtutem
1343 2380 1732 2466 suspiciunt,
1759 2383 2101 2467 quemque,
2119 2380 2398 2468 dignum

380 2488 654 2554 fortuna
687 2507 886 2573 quam
921 2483 1324 2572 amplissima
1350 2488 1611 2570 putant,
1636 2490 1750 2549 aut
1785 2483 1892 2548 cui
1921 2481 2122 2549 fidem
2154 2483 2398 2549 habent
2414 2502 2467 2543 20

379 2599 449 2656 et
481 2592 646 2657 bene
674 2589 872 2654 rebus
901 2587 1034 2652 suis
1065 2586 1402 2652 consulere
1438 2587 1857 2670 arbitrantur,
1882 2595 1998 2650 aut
2026 2586 2211 2652 cuius
2242 2607 2398 2672 opes

381 2699 709 2772 metuunt,
747 2697 861 2754 aut
911 2697 1158 2769 contra,
1196 2711 1234 2752 a
1284 2689 1527 2774 quibus
1577 2688 1829 2775 aliquid
1884 2696 2283 2774 exspectant,
2321 2697 2398 2752 ut

380 2815 532 2860 cum
561 2813 747 2877 reges
776 2789 1210 2876 popularesve
1233 2788 1535 2854 homines
1561 2788 1948 2877 largitiones
1976 2790 2227 2878 aliquas
2255 2813 2401 2879 pro-

380 2899 660 2981 ponunt,
679 2903 793 2956 aut
815 2900 1148 2978 postremo
1178 2890 1393 2976 pretio
1423 2911 1500 2956 ac
1530 2890 1832 2956 mercede
1855 2891 2209 2975 ducuntur,
2230 2914 2401 2979 quae

379 2993 825 3061 sordidissima
862 2999 962 3056 est
996 2990 1111 3057 illa
1145 2993 1415 3078 quidem
1457 2993 1626 3058 ratio
1665 3000 1733 3058 et
1768 2994 2295 3080 inquinatissima
2329 3002 2466 3058 etas

379 3099 481 3181 iis,
514 3097 630 3184 qni
664 3118 740 3162 ea
776 3102 1105 3178 tenentur,
1137 3103 1206 3161 et
1242 3094 1392 3178 illis,
1423 3096 1540 3183 qui
1585 3095 1665 3161 ad
1704 3118 1846 3162 eam
1892 3096 2255 3182 confugere
2296 3119 2398 3164 co-

285 3213 358 3264 22
383 3209 660 3283 nantur3
705 3197 876 3264 male
911 3197 1089 3263 enim
1125 3219 1195 3264 se
1229 3218 1332 3264 ros
1367 3197 1585 3280 habet,
1610 3219 1781 3281 cum,
1807 3199 1984 3284 quod
2023 3199 2270 3278 virtute
2305 3199 2398 3264 ef-

377 3305 488 3372 fici
533 3303 748 3385 debet,
785 3302 858 3367 id
900 3307 1265 3386 temptatur
1314 3301 1614 3388 pecnnia.
1719 3301 1852 3368 Sed
1896 3301 2207 3386 quoniam
2261 3322 2397 3366 non

379 3427 742 3494 numquam
766 3403 892 3470 hoc
923 3402 1288 3469 subsidium
1318 3403 1752 3470 necessarium
1786 3410 1901 3485 est,
1923 3425 2122 3489 quem
2152 3403 2239 3469 ad
2267 3425 2399 3468 mo-

379 3511 542 3575 dum
563 3511 656 3575 'sit
679 3507 1130 3590 utendumffeQ
1153 3506 1464 3590 dicemus,
1486 3507 1539 3572 si
1565 3507 1749 3594 prius
1777 3505 1861 3570 iis
1882 3505 1967 3572 de
1995 3507 2211 3590 rebus,
2230 3527 2461 3591 quaeso

382 3611 613 3676 virtuti
647 3610 988 3698 propiores
1029 3618 1206 3692 sunt,
1237 3609 1619 3676 dixerimus.
1707 3608 1941 3694 Atque
1982 3609 2196 3674 etiam.
2226 3605 2398 3670 subi-

381 3712 568 3778 ciunt
596 3733 664 3776 se
693 3712 994 3778 homines
1020 3710 1303 3798 imperio
1338 3711 1606 3777 alterius
1634 3717 1704 3775 et
1731 3708 2160 3796 potestatide
2188 3706 2397 3772 causis
