2867 4334
910 374 1049 425 Lm.
1088 374 1134 425 1.
1205 372 1364 426 GAP.
1395 375 1479 435 32,
1504 375 1588 426 aa.
1660 373 1691 436 5
1728 376 1973 426 115-120.
2382 375 2465 440 55

442 523 704 606 bitasse‚
728 546 884 590 eum
926 524 1089 589 duas
1131 530 1432 590 cerneret
1468 524 1626 609 viae,
1648 547 1853 590 unam
1881 524 2289 612 Voluptatis,
2311 525 2469 592 alte-

442 649 583 695 ram
612 626 926 710 Virtutis,
960 634 1178 692 utram
1217 626 1482 714 ingredi
1520 626 1759 692 melius
1796 637 1989 710 esset,
2020 627 2160 724 1393
2182 627 2466 694 Herculi

443 729 684 796 “Iovis
740 738 888 796 satu
937 729 1176 795 edito’'
1229 729 1452 816 potuit
1500 729 1777 797 fortasse
1828 731 2232 819 contingere,
2273 731 2469 797 nobis

440 854 574 898 non
612 833 795 915 item,
815 832 946 919 qui
979 831 1338 914 imitamur,
1368 851 1537 918 quos
1578 832 1819 919 cuique
1850 832 2071 898 visum
2116 841 2235 917 est,
2266 841 2465 920 atque
2534 904 2539 908 ,

391 935 524 1000 sad
570 955 802 1001 eorum
841 932 1063 999 studia
1103 933 1541 1021 institutaque
1583 934 2028 1020 impellimur3
2071 933 2465 1023 plerumque

439 1044 667 1102 autem
693 1037 1072 1124 parentium
1098 1036 1465 1124 praeceptis
1498 1036 1720 1104 inbuti
1755 1036 1835 1102 ad
1866 1059 2096 1102 eorum
2124 1046 2465 1104 consuetu-

440 1140 670 1206 dinem
696 1160 1083 1226 moremque
1116 1138 1549 1221 deducimur3
1592 1138 1705 1206 alii
1733 1138 2186 1204 multitudinis
2219 1139 2465 1207 iudicio

440 1241 772 1320 feruntur,
803 1262 1106 1328 quaeque
1144 1240 1380 1306 maiori
1422 1241 1601 1328 parti
1631 1239 2087 1328 pulcherrima
2129 1241 2463 1326 videntur,

439 1366 518 1411 ea
559 1345 848 1410 maxime
890 1351 1246 1430 exoptant3
1298 1364 1432 1410 non
1478 1342 1649 1408 nulli
1692 1351 1916 1409 tamen
1959 1343 2101 1409 sive
2142 1342 2465 1410 felicitate

371 1467 425 1509 10
441 1447 726 1533 quadam
782 1447 922 1512 sive
972 1446 1269 1512 bonitate
1319 1452 1594 1512 naturae
1651 1446 1794 1512 sine
1843 1445 2223 1534 parentium
2278 1445 2465 1512 disci-

440 1549 626 1636 plina
655 1555 908 1632 ,rectam
944 1548 1122 1614 vitae
1155 1549 1362 1616 secuti
1397 1557 1555 1615 sunt
1581 1549 1789 1615 viam.

456 1702 466 1706 -
526 1650 707 1716 Illud
737 1659 962 1716 autem
991 1650 1278 1715 maxime
1309 1672 1531 1716 rarum
1560 1673 1771 1738 genus
1804 1659 1903 1718 est
1932 1673 2181 1734 eorum,
2202 1650 2318 1738 qui
2346 1607 2597 1754 aut13139

441 1752 792 1819 excellenti
821 1752 1072 1838 ingenii
1104 1752 1565 1838 magnitudine
1596 1762 1709 1820 aut
1732 1753 2064 1842 praeclara
2090 1753 2461 1820 eruditione

442 1863 642 1942 atque
693 1855 991 1922 doctrina
1040 1861 1156 1924 aut
1201 1861 1481 1941 utraque
1531 1877 1605 1922 re
1654 1857 1871 1924 ornati
1919 1857 2208 1944 spatium
2258 1857 2461 1924 etiam

372 1983 426 2024 ιε
443 1958 852 2025 deliberandi
879 1957 1274 2041 habuerunt,
1297 1979 1502 2043 quem
1533 1959 1955 2046 potissimum
1986 1960 2159 2026 vitae
2194 1981 2461 2026 cursum

440 2061 630 2148 sequi
667 2059 962 2138 vellent3
1005 2059 1077 2124 in
1119 2079 1250 2146 qua
1287 2058 1760 2127 deliberatione
1798 2061 1883 2127 ad
1918 2083 2101 2128 suam
2142 2061 2464 2148 cuiusque

441 2165 747 2230 naturam
781 2163 1130 2231 consilium
1167 2170 1269 2229 est
1305 2185 1504 2230 omne
1538 2163 2001 2230 revocandum.
2088 2163 2271 2231 Nam
2305 2185 2463 2231 cum

441 2267 514 2332 in
565 2267 891 2350 omnibuS,
927 2287 1095 2352 quae
1139 2274 1449 2352 aguntur,
1486 2288 1570 2332 ex
1619 2287 1720 2350 e0,
1756 2287 1889 2352 quo
1932 2265 2131 2332 modo
2181 2267 2461 2353 quisque

441 2376 636 2436 natus
663 2375 782 2452 est,
805 2376 882 2434 ut
911 2390 1109 2456 supra
1136 2369 1392 2436 dictum
1419 2375 1541 2451 est,
1565 2369 1727 2455 quid
1759 2369 2006 2451 deceat,
2031 2369 2459 2453 exquirimuS‚

373 2495 426 2538 πο
443 2480 590 2538 tum
611 2472 679 2536 in
705 2479 846 2538 tota
867 2472 1005 2537 vita
1027 2471 1487 2538 constituenda
1507 2470 1721 2536 multo
1745 2478 1843 2536 est
1864 2471 1926 2536 ei
1949 2470 2046 2535 rei
2068 2490 2226 2534 cura
2253 2471 2465 2536 maior

441 2573 832 2658 adhibenda,
862 2582 942 2640 ut
985 2580 1282 2640 constare
1326 2573 1397 2639 in
1432 2573 1875 2659 perpetuitate
1916 2573 2097 2638 vitae
2137 2572 2463 2658 possimus
2527 2589 2679 2682 Q'Wt

443 2677 774 2744 nobismet
802 2677 964 2764 ipsis
997 2697 1118 2742 nec
1147 2677 1218 2740 in
1247 2674 1388 2742 ullo
1424 2673 1640 2742 officio
1674 2674 2058 2764 ela—udicare.
2145 2673 2261 2740 Ad
2293 2673 2461 2742 hanc
2481 2692 2597 2747 120

443 2788 668 2867 autem
701 2779 1029 2846 rationem
1056 2779 1366 2867 quoniam
1406 2779 1766 2845 maximam
1792 2779 1937 2845 vim
1970 2785 2205 2844 natura
2238 2777 2459 2862 habet,

443 2883 715 2949 fortuna
741 2881 1134 2970 proximam,
1156 2882 1504 2969 utriusque
1534 2883 1806 2949 omnino
1836 2881 2139 2949 habenda
2165 2882 2333 2948 ratio
2362 2890 2462 2948 est

375 2985 516 3050 suin
559 2983 916 3071 deligendo
959 3004 1201 3070 genere
1241 2985 1443 3067 vitae,
1478 2985 1593 3050 sed
1638 2993 1909 3052 naturae
1952 2985 2201 3072 magis;
2248 2983 2461 3050 multo

445 3087 627 3152 enim
657 3095 724 3152 et
752 3085 1009 3152 firmior
1037 3094 1137 3152 est
1167 3094 1234 3152 et
1265 3085 1685 3171 constantior,
1704 3094 1781 3152 ut
1808 3087 2081 3154 fortuna
2110 3109 2245 3154 non
2274 3109 2463 3152 num-

446 3210 678 3277 quam-.
697 3195 1039 3274 tamquam
1066 3189 1232 3276 ipsa
1287 3188 1583 3255 mortalis
1633 3210 1789 3254 cum
1836 3187 2173 3255 inmortali
2228 3197 2463 3254 natura

445 3311 746 3378 pugnare
774 3290 1096 3356 videatur.
1186 3290 1323 3369 Qui
1357 3291 1566 3377 igitur
1600 3289 1684 3355 ad
1713 3298 1987 3356 naturae
2022 3311 2177 3354 suae
2207 3310 2340 3354 non
2370 3290 2464 3353 vi-

446 3394 652 3460 tiosae
683 3414 895 3480 genus
924 3391 1276 3458 consilium
1305 3391 1576 3458 vivendi
1606 3412 1803 3458 omne
1832 3390 2205 3470 contulerit,
2229 3389 2285 3454 is
2313 3410 2463 3455 con-

376 3496 770 3563 aostantiam
801 3502 1024 3562 teneat
1061 3494 1156 3580 (id
1191 3495 1372 3560 enim
1415 3493 1704 3558 maxime
1747 3493 1981 3578 decet),
2011 3491 2141 3556 nisi
2174 3490 2351 3558 forte
2394 3514 2465 3558 se

445 3598 849 3666 intellexerit
891 3619 1138 3664 errasse
1180 3597 1253 3665 in
1297 3594 1651 3682 deligendo
1697 3615 1939 3682 genere
1983 3594 2175 3660 vitae.
2266 3594 2461 3674 Quod
2523 3679 2529 3686 ἱ

447 3701 505 3768 si
532 3701 839 3768 acciderit
862 3701 1106 3788 (potest
1134 3708 1356 3768 autem
1386 3697 1727 3785 accidere),
1746 3695 2053 3764 facienda
2076 3719 2338 3765 morum
2368 3700 2463 3765 in-

2726 2678 2735 2730 Ξ
