2867 4334
441 396 546 458 44
944 411 968 452 ,-
1065 404 1072 414 ·
1159 404 1176 414 ⁶
1246 391 1349 454 ns
1383 389 1743 468 omens
1816 449 1825 460 ,

359 555 442 609 89-
455 543 572 609 s'ed
608 543 692 610 ad
728 541 825 608 rei
861 541 1165 628 publicae
1199 540 1556 607 utilitatem
1590 539 1846 606 referri.
1936 540 2329 608 Cavendum
2370 551 2473 610 est

169 657 250 716 ,ἡ
452 645 676 728 etiam,
707 666 793 709 ne
830 643 1038 709 maior
1071 665 1283 731 poena
1317 665 1516 730 quam
1550 641 1743 729 culpa
1777 644 1884 726 sit,
1915 650 1983 709 et
2018 665 2104 709 ne
2139 643 2351 711 isdem
2386 646 2473 711 de

270 732 336 772 '⁰'
439 747 660 813 -causis
687 746 800 811 alii
830 746 1222 832 plectantur,
1247 745 1356 811 alii
1383 767 1467 811 ne
1490 744 1911 833 appellentur
1932 746 2222 832 quidem.
2312 747 2473 814 Pro-

444 848 741 916 hibenda
769 833 988 914 autem
1023 849 1310 914 maxime
1339 855 1439 913 est
1469 849 1565 912 ira
1593 848 1663 911 in
1694 847 2072 934 puniend03
2105 870 2472 937 numquam

441 951 652 1034 enim,
704 951 909 1016 iratus
968 951 1084 1038 qui
1141 951 1408 1017 accedet
1458 950 1541 1015 ad
1592 971 1895 1036 poenam,
1944 950 2471 1018 mediocritatem
2509 975 2538 1015 σ

438 1053 634 1121 xillam
693 1054 966 1136 tenebit,
989 1069 1158 1141 quae
1201 1043 1318 1118 est⁴
1350 1052 1529 1119 inter
1571 1052 1971 1132 nimiumlet
2013 1052 2471 1142 paru1n,'quae

432 1156 666 1243 -placet
695 1155 1178 1244 Peripateticis,
1211 1163 1277 1222 et
1304 1164 1485 1221 recte
1504 1154 1747 1243 placet,
1767 1155 1983 1234 ‘modo
2013 1177 2098 1239 ne
2128 1155 2471 1224 laudarent

450 1259 856 1324 iracundiam
900 1266 969 1324 et
1014 1258 1320 1324 dicerent·
1355 1257 1611 1323 utiliter
1648 1278 1697 1321 a·
1727 1265 1962 1339 natura
2004 1257 2263 1344 datam.-
2341 1258 2471 1326 Illa

437 1377 609 1422 vero
640 1354 995 1422 omnibus
976 1376 1046 1420 ιη
1077 1355 1272 1421 rebus
1295 1352 1703 1440 repudianda
1726 1361 1827 1418 est
1848 1354 2365 1440 optandumque,
2390 1365 2471 1422 ut

437 1457 520 1540 ii,
556 1458 674 1545 qui
710 1445 1021 1544 praesunt
1057 1456 1152 1521 rei
1187 1454 1511 1542 publicae,
1548 1454 1775 1541 legum
1818 1454 2063 1521 similes
2106 1456 2259 1539 sint,
2298 1478 2537 1548 quaein

451 1560 534 1625 ad
563 1558 980 1646 puniendum
1009 1579 1144 1623 non
1174 1553 1532 1640 iracundia,
1562 1556 1677 1621 sed
1707 1557 2037 1644 aequitate
2067 1557 2421 1624 ducuntur.

353 1623 443 1691 ²⁶
539 1662 770 1749 Atque
820 1660 1022 1726 etiam
1074 1660 1143 1722 in
1192 1658 1388 1724 rebus
1435 1658 1764 1744 prosperis
1810 1667 1879 1724 et
1924 1659 2006 1724 ad
2052 1660 2463 1734 voluntatem

396 1715 743 1841 Onostram
799 1761 1158 1828 fluentibus
1209 1761 1581 1848 superbiam
1648 1783 2065 1849 magnopere,
2116 1762 2464 1834 fastidium

429 1864 1022 1950 arrogantiamque
1066 1863 1420 1954 fugiamus,
1512 1862 1691 1929 Nam
1735 1872 1813 1929 ut
1855 1864 2161 1931 adversas
2204 1887 2325 1948 res,
2370 1868 2466 1932 sic

432 1966 763 2032 ‚secundas
819 1966 1226 2053 inmoderate
1277 1965 1454 2032 ferre
1505 1966 1795 2032 levitatis
1845 1975 1962 2050 est,
1988 1968 2534 2054 'praeclaraqueus

431 2077 548 2151 *est
593 2068 1021 2156 aequabilitas
1066 2070 1136 2134 in
1186 2070 1370 2135 omni
1416 2071 1555 2134 vita
1602 2077 1669 2134 et
1702 2069 1883 2134 idem
1926 2091 2190 2157 semper
2240 2059 2505 2137 vultus⁵

429 2172 810 2258 eademque
853 2171 1069 2256 frons,
1098 2180 1173 2237 ut
1217 2172 1302 2237 de
1343 2172 1613 2248 Socrate
1657 2171 1952 2258 itemque
1996 2173 2080 2238 de
2126 2172 2213 2239 O.·
2239 2173 2462 2240 Laelio

428 2275 834 2362 accepimus
923 2274 1316 2364 Philippum
1376 2275 1666 2366 quidem,
1718 2273 2159 2340 Macedonum
2216 2297 2459 2363 regem,

447 2379 643 2462 rebus
691 2378 895 2465 gestis
942 2386 1012 2444 et
1053 2377 1699 2469 gloria-superatum
1747 2398 1785 2442 a
1829 2376 1991 2460 filio,
2027 2377 2349 2444 facilitate
2392 2370 2459 2444 et

445 2481 858 2549 humanitate
888 2482 1083 2549 video
1113 2482 1523 2569 superiorem
1558 2480 1765 2546 fuisse
1786 2501 1827 2561 ;⁴
1848 2479 2071 2567 itaque
2102 2481 2268 2546 alter
2300 2503 2531 2557 sem-so

432 2607 565 2672 sper
611 2607 907 2674 magnus,
953 2585 1121 2651 alter
1165 2606 1360 2672 saepe
1396 2582 1873 2671 ·turpissimus;
1922 2571 2001 2647 ut
2034 2591 2227 2648 recte
2262 2606 2459 2669 -prae-

427 2689 664 2774 cipere
715 2689 1084 2769 videantur,
1139 2687 1255 2773 qui
1312 2693 1610 2767 monent,
1668 2693 1742 2749 ut
1794 2692 2043 2771 quanto
2094 2687 2460 2772 superiores

443 2790 669 2872 simus,
703 2797 888 2874 tanto
917 2809 1038 2855 nos
1071 2810 1376 2874 geramus
1411 2787 1840 2878 summissius.
1930 2787 2285 2855 Panaetius
2320 2790 2460 2876 qui-

442 2892 599 2956 dem
644 2891 1062 2974 Africanum,
1098 2890 1469 2955 auditorem
1512 2897 1581 2955 et
1624 2889 2023 2956 familiarem
2067 2913 2282 2976 suum,
2312 2893 2459 2959 soli-

445 3005 591 3075 tum
619 2997 711 3062 ait
747 2996 984 3078 dicere,
1017 2999 1057 3033 “
1075 3003 1148 3060 ut
1177 3015 1380 3081 equos
1410 2997 1969 3083 proptercrebras
2006 2985 2527 3070 contentiones&

431 3098 844 3188 „proeliorum
896 3098 1240 3164 ferocitate
1291 3096 1661 3163 exultantes
1710 3098 2148 3166 domitoribus
2198 3087 2457 3166 tradere

421 3203 714 3285 soleant,
747 3209 822 3266 ut
864 3201 946 3266 iis
989 3200 1413 3267 facilioribus·
1438 3201 1689 3287 possint
1732 3202 1853 3283 uti,
1884 3203 1991 3294 sic·
2022 3202 2322 3268 homiues
2364 3224 2457 3268 se-

441 3305 673 3372 cundis
707 3305 902 3371 rebus
936 3303 1303 3384 ecfrenatos
1337 3303 1595 3391 sibique
1636 3302 2075 3390 praefidentes
2119 3313 2451 3403 tamquam

438 3410 509 3475 in
555 3430 795 3496 gyrum
839 3406 1114 3473 rationis
1157 3415 1225 3472 et
1269 3406 1628 3494 doctrinae
1650 3406 1801 3472 duci
1846 3415 2150 3494 oportere
2193 3415 2271 3474 ut
2314 3429 2455 3494 per-

440 3515 765 3598 spicerent
792 3533 1014 3578 rerum
1044 3489 1485 3577 humanarum
1511 3508 2010 3578 inbecillitatem
2042 3511 2451 3576 varietatem·
2469 3533 2522 3573 so

343 3632 416 3687 91
439 3635 570 3700 que
620 3614 946 3680 fortunae
950 3612 990 3648 '²
1075 3616 1309 3702 Atque
1358 3615 1560 3680 etiam
1606 3613 1677 3678 in
1723 3612 2211 3680 secundissimis
2255 3613 2452 3677 rebus

421 3717 728 3804 ,maxime
761 3724 864 3784 est
896 3717 1219 3784 utendum
1263 3716 1537 3802 consilio
1578 3716 1941 3781 amicorum
1985 3714 2199 3799 iisque
2243 3714 2451 3810 maior

51 707 154 762 snm*
