2867 4334
910 419 1052 472 ΠΒ.
1090 419 1194 472 111.
1264 419 1423 473 CAP.
1462 421 1643 473 24—26.
1716 419 1747 483 ἓ
1779 422 1961 474 93-99.
2318 422 2446 489 159

432 589 584 637 mus
631 591 729 655 ea,
771 591 942 658 quae
984 569 1336 639 videantur
1375 591 1517 637 esse
1562 570 1752 637 utilia
1794 592 2011 658 neque
2054 570 2209 656 sint,
2245 592 2447 659 quam

434 673 569 740 sint
602 673 869 740 virtutis
897 673 1184 740 inimica.
1277 673 1383 739 Ac
1410 672 1497 739 de
1529 673 1883 760 prudentia
1917 673 2209 761 quidem,
2245 695 2445 763 quam

433 775 582 842 vult
608 775 857 842 imitari
893 773 1162 859 malitia,
1199 775 1495 862 itemque
1538 774 1623 840 de
1672 775 1943 860 iustitia,
1980 797 2150 863 quae
2185 781 2447 864 semper

433 884 534 944 est
568 877 769 961 utilis,
799 877 1208 964 disputatum
1243 883 1361 945 est.
1451 876 1773 964 Reliquae
1816 884 1973 943 sunt
2015 877 2185 945 duae
2226 886 2445 966 partes
2500 952 2503 957 ,

390 999 419 1039 ο
435 976 811 1062 honestatis,
836 1000 1117 1066 quarum
1143 977 1346 1044 altera
1372 978 1446 1042 in
1475 979 1681 1044 animi
1711 978 2091 1045 excellentis
2122 981 2445 1066 magnitu-

435 1079 588 1146 dine
611 1088 686 1146 ‘et
713 1081 1116 1167 praestantia·
1144 1080 1454 1174 cernitur,
1486 1080 1691 1146 altera
1718 1081 1789 1146 in
1819 1081 2343 1148 conformatione
2372 1090 2442 1147 et

433 1182 880 1249 moderatione
909 1183 1354 1251 continentiae
1383 1189 1451 1248 et
1483 1183 1979 1270 temperantiae.

517 1284 704 1352 Utile
733 1285 1082 1351 videbatur
1111 1285 1317 1367 Ulixi,
1347 1292 1424 1350 ut
1459 1284 1724 1372 quidem
1763 1291 1994 1372 poetae
2030 1283 2264 1371 tragici
2298 1251 2536 1399 pro-²93

433 1387 743 1454 diderunt
789 1388 966 1475 (nam
1022 1388 1201 1475 apud
1251 1387 1647 1472 Homerum,
1684 1396 2035 1476 optumum
2086 1395 2441 1472 auctorem,

365 1508 418 1550 ιο
435 1488 582 1555 talis
611 1489 694 1556 de
727 1489 928 1557 Ulixe
963 1490 1146 1557 nulla
1177 1490 1463 1578 suspicio
1506 1491 1651 1577 est),
1698 1490 1813 1556 sed
1856 1489 2244 1556 insimulant
2286 1510 2441 1556 eum

431 1592 806 1679 tragoediae
851 1593 1269 1672 simulatione
1303 1593 1595 1660 insaniae
1630 1593 1948 1659 militiam
1979 1592 2443 1680 subterfugere

432 1693 735 1761 voluisse.
821 1695 980 1763 Non
1026 1696 1378 1764 honestum
1422 1695 1789 1763 consilium.
1880 1696 2041 1762 “At
2092 1693 2258 1761 utile
2314 1695 2441 1778 [,ut

431 1794 669 1883 aliquis
698 1796 974 1864 fortasse
1008 1798 1302 1884 dixerit,]
1341 1820 1615 1887 regnare
1650 1805 1719 1865 et
1760 1796 2028 1865 Ithacae
2063 1796 2289 1864 vivere
2324 1797 2443 1863 oti-

422 1919 543 1966 -ose
575 1919 728 1965 cum
769 1899 1172 1986 parentibus,
1203 1905 1369 1968 cum'
1394 1922 1620 1984 uxore,
1650 1922 1803 1967 cum
1838 1899 1997 1968 filio.
2085 1898 2320 1966 Ullum
2364 1907 2441 1965 tu
2546 1891 2555 1896 ’

366 2000 633 2066 ndecus
660 1999 731 2063 in
762 2001 1107 2067 cotidianis
1136 2001 1467 2069 laboribus
1502 2011 1571 2068 et
1598 2001 1905 2091 periculis
1933 2025 2085 2070 cum
2118 2002 2240 2070 hac
2270 2011 2441 2069 tran-

433 2101 763 2189 quillitate
790 2102 1267 2169 conferendum
1299 2111 1492 2190 putas
1513 2103 1579 2170 ’δ”
1667 2103 1813 2191 Ego
1852 2126 2007 2171 vero
2050 2105 2243 2171 istam
2287 2124 2442 2171 con-

433 2203 858 2270 temnendam
889 2212 958 2271 et
985 2204 1414 2287 abiciendam,
1439 2205 1774 2291 quoniam,
1807 2226 1975 2290 quae
2004 2205 2437 2274 honesta'non

436 2306 543 2389 sit,
573 2327 660 2371 ne
694 2305 926 2372 utilem
960 2305 1236 2392 quidem
1268 2326 1408 2371 esse
1442 2305 1741 2371 arbitror.
1831 2305 2014 2382 Quid
2051 2307 2230 2371 enim
2265 2308 2442 2372 audi·
2460 2321 2538 2375 98

433 2417 659 2474 turum
690 2414 884 2494 putas
911 2407 1120 2474 fuisse
1140 2407 1434 2487 Ulixem,
1460 2406 1514 2470 si
1544 2407 1614 2470 iu
1643 2404 1760 2470 illa
1786 2405 2204 2472 simulatione
2232 2429 2444 2492 perse·

367 2508 832 2577 aoveravissetl
875 2509 991 2597 qui
1045 2530 1198 2575 cum
1235 2507 1571 2573 maximas
1628 2527 1731 2572 res
1785 2507 2059 2592 gesserit
2113 2507 2185 2572 in
2243 2507 2440 2591 bello,

433 2620 653 2679 tamen
683 2611 844 2678 haec
871 2610 1095 2676 audiat
1122 2610 1206 2676 ab
1235 2609 1479 2674 Aiace:
1528 2661 1533 2668 .

789 2755 962 2812 Cuius
983 2757 1107 2828 ipse
1127 2754 1393 2828 princeps
1412 2754 1553 2810 ifiris
1574 2754 1804 2810 iurandi
1824 2755 1949 2825 fuit,
1994 2737 1999 2742 ⁷

787 2843 955 2913 Quod
979 2845 1172 2899 6mnes
1196 2842 1367 2914 scitia,
1393 2843 1545 2898 s6lus
1568 2844 1823 2916 neglexit
1844 2844 2047 2915 fidem3

782 2931 989 3002 Furere
1013 2930 1352 3002 assimulare,
1381 2933 1456 2985 ne
1478 2930 1669 3003 coiret,
1693 2931 1922 2987 sustitit.

365 3037 420 3080 ω
790 3019 1022 3088 Quodnf
1043 3018 1336 3075 Palamedi
1358 3019 1655 3091 perspicax
1678 3019 1984 3092 prudentia

783 3107 955 3162 Istius
981 3111 1273 3179 percepset
1299 3107 1638 3163 malitiosam
1663 3108 1978 3179 audaciam,

781 3193 926 3249 Fide
947 3199 1192 3250 sacratae
1214 3193 1305 3249 isis
1327 3199 1601 3267 perpetuo
1623 3194 1859 3250 falleret.

430 3325 544 3392 Illi
591 3347 748 3393 vero
787 3347 922 3395 non
966 3327 1167 3394 modo
1208 3348 1363 3393 cum
1399 3325 1718 3409 hostibuS‚
1766 3348 1995 3392 verum
2044 3327 2244 3394 etiam
2289 3349 2439 3394 cum
2460 3339 2537 3393 99

429 3427 758 3512 fluctibus,
809 3428 883 3494 id
931 3428 1111 3516 quod
1168 3428 1349 3511 fecit,
1401 3428 1715 3494 dimicare
1770 3427 2011 3493 melius
2059 3427 2197 3493 fuit
2241 3449 2487 3515 quam-

363 3531 728 3597 aodeserere
769 3531 1293 3598 consentientem
1337 3529 1683 3596 Graeciam
1727 3527 1811 3594 ad
1854 3527 2104 3595 bellum
2148 3529 2441 3596 barbaris

429 3630 876 3700 inferendum.
905 3613 1087 3717 [Sed
1115 3632 1500 3700 omittamus
1528 3639 1598 3698 et
1625 3629 1883 3698 fabulas
1910 3638 1981 3698 et
2008 3639 2321 3717 externa3
2357 3634 2440 3700 ad

416 3755 571 3801 rem
601 3736 846 3804 factam
870 3743 1293 3823 nostramque
1314 3735 1676 3803 veniamus,
1742 3733 1838 3801 M.
1864 3734 2119 3803 Atilius
2140 3735 2442 3824 Regulus
