2867 4334
117 3049 124 3056 .
225 2991 380 3062 'us-4⁴04

954 421 1094 474 mn.
1131 421 1178 474 1.
1212 407 1413 475 '‘cAr.
1450 420 1534 485 24,
1570 413 1653 474 25:
1724 420 1755 484 5
1790 420 1971 476 84-88.
2386 423 2471 490 43

450 570 634 660 apud
664 570 1098 637 Atheniensis
1127 592 1408 658 magnae
1442 565 1877 657 discordiae,
1856 595 1925 637 ιιι
1958 569 2180 638 nostra
2208 595 2281 640 re
2310 573 2472 662 pub-

449 675 580 741 lica
631 696 766 741 non
819 672 1034 740 solum
1081 673 1456 756 seditioneS,
1507 673 1621 744 sed
1680 674 1876 740 etiam
1930 675 2247 762 pestifera
2299 676 2471 742 bella

454 776 714 859 civilia,
745 796 914 864 quae
943 776 1166 862 gravis
1194 783 1264 841 et
1298 775 1492 842 fortis
1528 775 1689 842 civis
1716 753 1812 844 et(
1819 776 1891 842 in
1928 797 1999 843 re
2029 777 2296 866 publica
2330 778 2470 866 dig»

445 900 582 945 nus
611 878 985 966 principatu
1013 877 1237 964 fugiet
1271 885 1471 966 atque
1506 878 1719 946 oderit
1754 879 2103 967 tradetque
2135 902 2206 946 se
2248 887 2465 946 totum

409 982 552 1048 urei
600 981 904 1068 publicae
950 1000 1168 1066 neque
1213 1001 1372 1066 opes
1417 987 1533 1046 aut
1576 975 1943 1068 potentiam
1986 983 2469 1050 consectabitur

453 1091 798 1171 totamque
839 1104 986 1149 eam
1022 1082 1116 1148 sic
1151 1082 1466 1165 tuebitur,
1490 1090 1580 1148 ›ut
1614 1084 1921 1152 omnibus
1964 1085 2300 1169 consulat3
2342 1089 2467 1152 nec

453 1208 612 1252 vero
663 1184 1048 1252 criminibus
1099 1183 1288 1250 falsis
1330 1183 1402 1250 in
1446 1185 1678 1251 odium
1722 1192 1839 1251 aut
1881 1183 2202 1255 invidiam
2246 1209 2470 1274 quem-

454 1309 666 1375 quam·
713 1287 978 1353 vocabit
1035 1287 1441 1374 omninoque
1502 1287 1600 1352 ita
1656 1287 1946 1354 iustitiae
2008 1286 2468 1376 honestatique

451 1389 890 1472 adhaerescet,
925 1395 1022 1472 ut,
1070 1389 1232 1454 dum
1284 1409 1362 1454 ea
1413 1397 1775 1472 conservet,
1809 1390 2125 1475 ‘quamvis
2176 1391 2469 1477 graviter

383 1511 438 1554 10
455 1491 749 1559 offendat
789 1498 1208 1578 mortemque
1241 1499 1517 1579 oppetat
1552 1492 1773 1580 potius
1807 1513 2007 1579 quam
2042 1493 2297 1559 deserat
2329 1493 2464 1576 illa,

440 1597 620 1683 'quae
649 1595 809 1661 dixi.
875 1593 1249 1660 Miserrima
1279 1595 1552 1661 omnino
1580 1603 1679 1661 est
1708 1596 1983 1663 ambitio
2004 1595 2463 1683 honorumque
2485 1606 2560 1668 87

452 1699 810 1787 contentio,
836 1698 920 1764 de
948 1718 1079 1785 qua
1101 1696 1430 1785 praeclare
1460 1698 1635 1785 apud
1660 1699 1945 1764 eundem
1970 1707 2069 1765 est
2090 1698 2463 1784 Platonem,

447 1801 818 1868 “similiter
859 1800 1081 1867 facere
1121 1821 1254 1884 eos,
1292 1801 1409 1887 qui
1453 1801 1629 1868 inter
1670 1823 1741 1868 se
1784 1802 2276 1888 contenderent,
2316 1812 2467 1870 uter

451 1907 673 1996 potius
714 1928 856 1972 rem
891 1906 1223 1994 publicam
1259 1906 1766 1993 administraret,
1796 1915 1872 1974 ut
1904 1908 1959 1974 si
1994 1917 2233 1976 nautae
2268 1917 2466 1977 certa·
2536 1915 2545 1922 ’

377 2033 438 2075 ισ
454 2016 623 2094 rent,
660 2011 808 2097 quis
849 2031 1080 2076 eorum
1123 2009 1542 2098 potissimum
1592 2011 2052 2097 gubernaret.”
2141 2013 2463 2099 Idemque

451 2113 792 2202 praecipit,
828 2119 906 2179 ut
949 2116 1120 2180 “eos
1161 2109 1567 2178 adversarios
1617 2114 2088 2199 existi-memuS,
2124 2115 2239 2202 qui
2284 2132 2465 2181 arma

453 2221 680 2282 contra
714 2215 952 2298 ferant,
982 2236 1119 2282 non
1159 2236 1288 2298 eos,
1321 2215 1439 2302 qui
1480 2237 1600 2282 suo
1634 2216 1881 2282 iudicio
1916 2217 2090 2283 tueri
2124 2239 2265 2282 rem
2304 2219 2466 2305 pub-

454 2316 648 2384 licam
677 2315 951 2401 velint,''
974 2317 1185 2404 qualis
1214 2317 1349 2383 fuit
1378 2318 1557 2384 inter
1582 2317 1664 2384 P.
1689 2318 2089 2385 Africanum
2118 2327 2187 2384 et
2216 2319 2300 2398 Q.
2325 2319 2465 2386 Me·

452 2419 687 2486 tellum
716 2419 856 2487 sine
885 2421 1236 2487 acerbitate
1268 2419 1605 2486 dissensio,
2494 2364 2611 2464 Κ]

379 2550 437 2590 20
537 2521 683 2590 Nec
712 2545 868 2590 vero
899 2515 1230 2608 audiendi,
1262 2523 1381 2610 qui
1409 2522 1705 2609 graviter
1729 2521 2016 2587 inimicis
2051 2522 2459 2590 irascendum
2482 2541 2557 2594 88

454 2628 782 2712 putabunt
837 2626 1038 2712 idque
1087 2625 1500 2713 magnanimi
1544 2623 1853 2712 ettfortis
1896 2623 2021 2688 viri
2069 2645 2207 2690 esse
2250 2646 2463 2692 cense-

454 2731 658 2812 bunt3
703 2723 874 2794 nihil
903 2730 1080 2796 enim
1111 2729 1527 2812 laudabiliuS,
1558 2726 1729 2792 nihil
1759 2749 2000 2815 magno
2026 2733 2097 2794 et
2133 2728 2463 2814 praeclaro

455 2833 604 2899 viro
639 2832 908 2920 dignius
941 2831 1382 2919 placabilitate
1418 2840 1620 2923 atque
1654 2831 2021 2898 clementia.
2111 2831 2225 2896 In
2240 2831 2462 2900 liberis

449 2955 610 3001 vero
639 2933 904 3022 populis
939 2941 1006 3000 et
1041 2935 1111 2998 in
1147 2933 1312 3000 iuris
1345 2934 1811 3021 aequabilitate
1856 2935 2217 3001 exercenda
2260 2937 2459 3002 etiam

359 3017 548 3104 esest
583 3037 866 3104 facilitas
899 3044 968 3103 et
1003 3037 1283 3116 altitudo
1317 3037 1543 3121 animi,
1580 3058 1750 3124 quae
1785 3037 2049 3119 dicitur,
2080 3059 2184 3121 ne,
2222 3039 2274 3104 si
2311 3039 2463 3105 iras-
2502 3055 2505 3060 ·
2580 3024 2587 3034 ’

449 3159 676 3205 camur
719 3146 835 3206 aut
881 3117 1380 3226 intempestive
1395 3139 1857 3206 accedentibus
1902 3147 2017 3206 aut
2062 3139 2464 3226 inpudenter

447 3242 902 3327 rogantibus,
882 3264 952 3306 111
984 3241 1428 3307 morositatem
1459 3242 1767 3308 inutilem
1802 3248 1871 3307 et
1900 3241 2190 3307 odiosam
2220 3242 2463 3307 incida-

448 3364 616 3409 mus.
703 3343 794 3410 Et
836 3353 1056 3410 tamen
1105 3345 1200 3410 ita
1244 3345 1583 3431 probanda
1629 3352 1730 3410 est
1778 3344 2213 3408 mansuetudo
2260 3352 2460 3429 atque

449 3444 816 3530 clementia,
848 3455 924 3512 ut
967 3446 1360 3512 adhibeatur
1399 3447 1498 3512 rei
1542 3445 1847 3532 publicae
1890 3465 2082 3510 causa
2124 3444 2456 3530 severitas,

376 3547 590 3614 sosine
619 3569 748 3636 qua
775 3549 1215 3615 administrari
1247 3549 1478 3618 civitas
1506 3569 1639 3614 non
1668 3554 1906 3634 potest.
1974 3546 2213 3611 Omnis
2235 3554 2457 3614 autem

444 3658 516 3716 et
551 3651 1031 3718 animadversio
1073 3659 1143 3718 et
1178 3651 1518 3738 castigatio
1555 3648 1958 3716 contumelia
1991 3670 2223 3715 vacare
2258 3650 2457 3720 debet

444 3773 664 3842 neque
698 3755 782 3822 ad
812 3754 971 3839 eiua,
997 3754 1114 3842 qui
1143 3754 1422 3842 punitur
1450 3753 1736 3841 aliquem
1768 3759 1883 3819 aut
1914 3753 2132 3819 verbis
2160 3754 2455 3841 castigat,
