<?xml version="1.0" encoding="UTF-8"?>
<!DOCTYPE html PUBLIC "-//W3C//DTD XHTML 1.0 Transitional//EN"
    "http://www.w3.org/TR/xhtml1/DTD/xhtml1-transitional.dtd">
<html xmlns="http://www.w3.org/1999/xhtml" xml:lang="en" lang="en">
 <head>
  <title>
</title>
<meta http-equiv="Content-Type" content="text/html;charset=utf-8" />
  <meta name='ocr-system' content='tesseract 3.04.00' />
  <meta name='ocr-capabilities' content='ocr_page ocr_carea ocr_par ocr_line ocrx_word'/>
</head>
<body>
  <div class='ocr_page' id='page_1' title='image "./mtulliiciceroni07unkngoog_0130.png"; bbox 0 0 2867 4334; ppageno 0'>
   <div class='ocr_carea' id='block_1_1' title="bbox 1034 369 2532 437">
    <p class='ocr_par' dir='ltr' id='par_1_1' title="bbox 1034 369 2532 437">
     <span class='ocr_line' id='line_1_1' title="bbox 1034 369 2532 437; baseline 0.005 -16"><span class='ocrx_word' id='word_1_1' title='bbox 1034 372 1173 424; x_wconf 87' lang='lat' dir='ltr'><strong>LIB.</strong></span> <span class='ocrx_word' id='word_1_2' title='bbox 1210 371 1300 422; x_wconf 72' lang='lat'><strong>11:</strong></span> <span class='ocrx_word' id='word_1_3' title='bbox 1356 370 1516 422; x_wconf 82' lang='lat' dir='ltr'><strong>CAP.</strong></span> <span class='ocrx_word' id='word_1_4' title='bbox 1550 372 1730 422; x_wconf 78' lang='lat'><strong>15-17.</strong></span> <span class='ocrx_word' id='word_1_5' title='bbox 1803 369 1832 432; x_wconf 65' lang='grc' dir='ltr'><strong>ἓ</strong></span> <span class='ocrx_word' id='word_1_6' title='bbox 1867 371 2043 424; x_wconf 79' lang='lat'><strong>54-58.</strong></span> <span class='ocrx_word' id='word_1_7' title='bbox 2408 371 2532 437; x_wconf 84' lang='lat'><strong>101</strong></span> 
     </span>
    </p>
   </div>
   <div class='ocr_carea' id='block_1_2' title="bbox 361 520 2624 3680">
    <p class='ocr_par' dir='ltr' id='par_1_2' title="bbox 361 520 2624 3680">
     <span class='ocr_line' id='line_1_2' title="bbox 522 520 2534 612; baseline -0.001 -22"><span class='ocrx_word' id='word_1_8' title='bbox 522 522 944 612; x_wconf 90' lang='lat' dir='ltr'><strong>popularium</strong></span> <span class='ocrx_word' id='word_1_9' title='bbox 973 542 1326 587; x_wconf 89' lang='lat' dir='ltr'><strong>munerum</strong></span> <span class='ocrx_word' id='word_1_10' title='bbox 1345 520 1717 608; x_wconf 28' lang='lat' dir='ltr'><strong>,taliumque</strong></span> <span class='ocrx_word' id='word_1_11' title='bbox 1738 530 2126 609; x_wconf 83' lang='lat' dir='ltr'><strong>sumptuum</strong></span> <span class='ocrx_word' id='word_1_12' title='bbox 2149 521 2534 588; x_wconf 82' lang='lat' dir='ltr'><strong>facultatem</strong></span> 
     </span>
     <span class='ocr_line' id='line_1_3' title="bbox 520 622 2535 710; baseline -0.001 -20"><span class='ocrx_word' id='word_1_13' title='bbox 520 627 816 692; x_wconf 86' lang='lat' dir='ltr'><strong>fructum</strong></span> <span class='ocrx_word' id='word_1_14' title='bbox 864 623 1247 690; x_wconf 85' lang='lat' dir='ltr'><strong>divitiarum</strong></span> <span class='ocrx_word' id='word_1_15' title='bbox 1299 631 1514 710; x_wconf 86' lang='lat' dir='ltr'><strong>put-at.</strong></span> <span class='ocrx_word' id='word_1_16' title='bbox 1615 622 1787 691; x_wconf 82' lang='lat' dir='ltr'>Mihi</span> <span class='ocrx_word' id='word_1_17' title='bbox 1842 633 2065 690; x_wconf 86' lang='lat' dir='ltr'><strong>autem</strong></span> <span class='ocrx_word' id='word_1_18' title='bbox 2115 623 2229 690; x_wconf 90' lang='lat' dir='ltr'><strong>ille</strong></span> <span class='ocrx_word' id='word_1_19' title='bbox 2278 623 2535 689; x_wconf 84' lang='lat' dir='ltr'><strong>fructus</strong></span> 
     </span>
     <span class='ocr_line' id='line_1_4' title="bbox 519 724 2537 813; baseline 0 -22"><span class='ocrx_word' id='word_1_20' title='bbox 519 725 950 810; x_wconf 85' lang='lat' dir='ltr'><strong>liberalitatis,</strong></span> <span class='ocrx_word' id='word_1_21' title='bbox 975 727 1160 793; x_wconf 87' lang='lat' dir='ltr'><strong>cuius</strong></span> <span class='ocrx_word' id='word_1_22' title='bbox 1189 735 1397 813; x_wconf 82' lang='lat' dir='ltr'><strong>pauca</strong></span> <span class='ocrx_word' id='word_1_23' title='bbox 1418 724 1725 813; x_wconf 83' lang='lat' dir='ltr'><strong>exempla</strong></span> <span class='ocrx_word' id='word_1_24' title='bbox 1752 725 1965 813; x_wconf 91' lang='lat' dir='ltr'><strong>posui,</strong></span> <span class='ocrx_word' id='word_1_25' title='bbox 1991 725 2201 793; x_wconf 89' lang='lat' dir='ltr'><strong>multo</strong></span> <span class='ocrx_word' id='word_1_26' title='bbox 2230 734 2298 792; x_wconf 92' lang='lat' dir='ltr'><strong>et</strong></span> <span class='ocrx_word' id='word_1_27' title='bbox 2329 726 2537 791; x_wconf 87' lang='lat' dir='ltr'><strong>maior</strong></span> 
     </span>
     <span class='ocr_line' id='line_1_5' title="bbox 520 827 2536 916; baseline -0 -21"><span class='ocrx_word' id='word_1_28' title='bbox 520 831 787 896; x_wconf 86' lang='lat' dir='ltr'><strong>videtur</strong></span> <span class='ocrx_word' id='word_1_29' title='bbox 808 836 877 894; x_wconf 89' lang='lat' dir='ltr'><strong>et</strong></span> <span class='ocrx_word' id='word_1_30' title='bbox 905 828 1162 895; x_wconf 85' lang='lat' dir='ltr'><strong>certior.</strong></span> <span class='ocrx_word' id='word_1_31' title='bbox 1230 827 1499 905; x_wconf 82' lang='lat' dir='ltr'><strong>Quanto</strong></span> <span class='ocrx_word' id='word_1_32' title='bbox 1522 827 1917 912; x_wconf 85' lang='lat' dir='ltr'><strong>Aristoteles</strong></span> <span class='ocrx_word' id='word_1_33' title='bbox 1937 830 2205 916; x_wconf 87' lang='lat' dir='ltr'><strong>gravius</strong></span> <span class='ocrx_word' id='word_1_34' title='bbox 2226 835 2296 896; x_wconf 86' lang='lat' dir='ltr'><strong>et</strong></span> <span class='ocrx_word' id='word_1_35' title='bbox 2320 828 2536 894; x_wconf 87' lang='lat' dir='ltr'><strong>verius</strong></span> 
     </span>
     <span class='ocr_line' id='line_1_6' title="bbox 454 929 2532 1023; baseline 0.002 -30"><span class='ocrx_word' id='word_1_36' title='bbox 454 953 642 998; x_wconf 70' lang='lat' dir='ltr'><strong>,snos</strong></span> <span class='ocrx_word' id='word_1_37' title='bbox 683 930 1145 1023; x_wconf 73' lang='lat' dir='ltr'><strong>reprehendit!</strong></span> <span class='ocrx_word' id='word_1_38' title='bbox 1192 931 1310 1016; x_wconf 90' lang='lat' dir='ltr'><strong>qui</strong></span> <span class='ocrx_word' id='word_1_39' title='bbox 1355 929 1472 996; x_wconf 88' lang='lat' dir='ltr'><strong>has</strong></span> <span class='ocrx_word' id='word_1_40' title='bbox 1514 931 1942 1018; x_wconf 82' lang='lat' dir='ltr'><strong>pecuniarum</strong></span> <span class='ocrx_word' id='word_1_41' title='bbox 1993 930 2344 997; x_wconf 84' lang='lat' dir='ltr'><strong>effusiones</strong></span> <span class='ocrx_word' id='word_1_42' title='bbox 2400 953 2532 997; x_wconf 92' lang='lat' dir='ltr'><strong>non</strong></span> 
     </span>
     <span class='ocr_line' id='line_1_7' title="bbox 521 1021 2530 1120; baseline -0 -20"><span class='ocrx_word' id='word_1_43' title='bbox 521 1021 941 1117; x_wconf 76' lang='lat' dir='ltr'><strong>admiremur,</strong></span> <span class='ocrx_word' id='word_1_44' title='bbox 980 1054 1149 1120; x_wconf 90' lang='lat' dir='ltr'><strong>quae</strong></span> <span class='ocrx_word' id='word_1_45' title='bbox 1182 1031 1358 1098; x_wconf 90' lang='lat' dir='ltr'><strong>fiunt</strong></span> <span class='ocrx_word' id='word_1_46' title='bbox 1401 1034 1483 1098; x_wconf 90' lang='lat' dir='ltr'><strong>ad</strong></span> <span class='ocrx_word' id='word_1_47' title='bbox 1527 1033 2028 1101; x_wconf 85' lang='lat' dir='ltr'><strong>multitudinem</strong></span> <span class='ocrx_word' id='word_1_48' title='bbox 2063 1033 2530 1100; x_wconf 82' lang='lat' dir='ltr'><strong>deliniendam.</strong></span> 
     </span>
     <span class='ocr_line' id='line_1_8' title="bbox 521 1134 2535 1222; baseline -0.001 -19"><span class='ocrx_word' id='word_1_49' title='bbox 521 1138 647 1203; x_wconf 90' lang='lat' dir='ltr'><strong>Ait</strong></span> <span class='ocrx_word' id='word_1_50' title='bbox 675 1137 876 1219; x_wconf 88' lang='lat' dir='ltr'><strong>enim,</strong></span> <span class='ocrx_word' id='word_1_51' title='bbox 908 1135 1085 1222; x_wconf 88' lang='lat' dir='ltr'><strong>“qui</strong></span> <span class='ocrx_word' id='word_1_52' title='bbox 1131 1135 1216 1200; x_wconf 88' lang='lat' dir='ltr'><strong>ab</strong></span> <span class='ocrx_word' id='word_1_53' title='bbox 1253 1134 1451 1201; x_wconf 88' lang='lat' dir='ltr'><strong>-hoste</strong></span> <span class='ocrx_word' id='word_1_54' title='bbox 1496 1135 1903 1218; x_wconf 85' lang='lat' dir='ltr'><strong>obsidentur,</strong></span> <span class='ocrx_word' id='word_1_55' title='bbox 1950 1136 2007 1201; x_wconf 91' lang='lat' dir='ltr'><strong>si</strong></span> <span class='ocrx_word' id='word_1_56' title='bbox 2058 1157 2277 1201; x_wconf 86' lang='lat' dir='ltr'><strong>emere</strong></span> <span class='ocrx_word' id='word_1_57' title='bbox 2326 1157 2535 1222; x_wconf 88' lang='lat' dir='ltr'><strong>aquae</strong></span> 
     </span>
     <span class='ocr_line' id='line_1_9' title="bbox 522 1236 2534 1324; baseline -0.001 -20"><span class='ocrx_word' id='word_1_58' title='bbox 522 1240 878 1304; x_wconf 83' lang='lat' dir='ltr'><strong>sextarium</strong></span> <span class='ocrx_word' id='word_1_59' title='bbox 904 1245 1295 1324; x_wconf 84' lang='lat' dir='ltr'><strong>cogerentur</strong></span> <span class='ocrx_word' id='word_1_60' title='bbox 1324 1237 1524 1318; x_wconf 88' lang='lat' dir='ltr'><strong>mina,</strong></span> <span class='ocrx_word' id='word_1_61' title='bbox 1549 1237 1675 1303; x_wconf 92' lang='lat' dir='ltr'><strong>hoc</strong></span> <span class='ocrx_word' id='word_1_62' title='bbox 1698 1237 1913 1324; x_wconf 86' lang='lat' dir='ltr'><strong>primo</strong></span> <span class='ocrx_word' id='word_1_63' title='bbox 1935 1236 2321 1304; x_wconf 88' lang='lat' dir='ltr'><strong>incredibile</strong></span> <span class='ocrx_word' id='word_1_64' title='bbox 2343 1237 2534 1303; x_wconf 91' lang='lat' dir='ltr'><strong>nobis</strong></span> 
     </span>
     <span class='ocr_line' id='line_1_10' title="bbox 523 1339 2533 1426; baseline 0 -22"><span class='ocrx_word' id='word_1_65' title='bbox 523 1341 758 1422; x_wconf 86' lang='lat' dir='ltr'><strong>videri,</strong></span> <span class='ocrx_word' id='word_1_66' title='bbox 793 1361 1153 1426; x_wconf 85' lang='lat' dir='ltr'><strong>omnesque</strong></span> <span class='ocrx_word' id='word_1_67' title='bbox 1188 1339 1432 1421; x_wconf 85' lang='lat' dir='ltr'><strong>mirari,</strong></span> <span class='ocrx_word' id='word_1_68' title='bbox 1468 1339 1584 1405; x_wconf 90' lang='lat' dir='ltr'><strong>sed</strong></span> <span class='ocrx_word' id='word_1_69' title='bbox 1621 1361 1775 1405; x_wconf 89' lang='lat' dir='ltr'><strong>cum</strong></span> <span class='ocrx_word' id='word_1_70' title='bbox 1810 1339 2233 1422; x_wconf 87' lang='lat' dir='ltr'><strong>attenderint,</strong></span> <span class='ocrx_word' id='word_1_71' title='bbox 2269 1341 2533 1405; x_wconf 86' lang='lat' dir='ltr'><strong>veniam</strong></span> 
     </span>
     <span class='ocr_line' id='line_1_11' title="bbox 361 1440 2534 1528; baseline 0 -22"><span class='ocrx_word' id='word_1_72' title='bbox 361 1519 372 1528; x_wconf 42' lang='lat'><strong>·</strong></span> <span class='ocrx_word' id='word_1_73' title='bbox 452 1443 890 1510; x_wconf 75' lang='lat' dir='ltr'><strong>wnecessitati</strong></span> <span class='ocrx_word' id='word_1_74' title='bbox 922 1443 1113 1526; x_wconf 86' lang='lat' dir='ltr'><strong>dare3</strong></span> <span class='ocrx_word' id='word_1_75' title='bbox 1157 1441 1227 1507; x_wconf 92' lang='lat' dir='ltr'><strong>in</strong></span> <span class='ocrx_word' id='word_1_76' title='bbox 1264 1440 1371 1507; x_wconf 87' lang='lat' dir='ltr'><strong>his</strong></span> <span class='ocrx_word' id='word_1_77' title='bbox 1405 1443 1782 1509; x_wconf 84' lang='lat' dir='ltr'><strong>inmanibus</strong></span> <span class='ocrx_word' id='word_1_78' title='bbox 1816 1442 2082 1510; x_wconf 87' lang='lat' dir='ltr'><strong>iacturis</strong></span> <span class='ocrx_word' id='word_1_79' title='bbox 2124 1440 2534 1528; x_wconf 88' lang='lat' dir='ltr'><strong>infinitisque</strong></span> 
     </span>
     <span class='ocr_line' id='line_1_12' title="bbox 521 1544 2534 1633; baseline -0 -23"><span class='ocrx_word' id='word_1_80' title='bbox 521 1546 894 1633; x_wconf 78' lang='lat' dir='ltr'><strong>sumptibus</strong></span> <span class='ocrx_word' id='word_1_81' title='bbox 922 1544 1093 1610; x_wconf 89' lang='lat' dir='ltr'><strong>nihil</strong></span> <span class='ocrx_word' id='word_1_82' title='bbox 1123 1566 1245 1613; x_wconf 86' lang='lat' dir='ltr'><strong>nos</strong></span> <span class='ocrx_word' id='word_1_83' title='bbox 1275 1550 1677 1631; x_wconf 82' lang='lat' dir='ltr'><strong>magnopere</strong></span> <span class='ocrx_word' id='word_1_84' title='bbox 1697 1545 1944 1627; x_wconf 86' lang='lat' dir='ltr'><strong>mirari,</strong></span> <span class='ocrx_word' id='word_1_85' title='bbox 1968 1548 2131 1628; x_wconf 82' lang='lat' dir='ltr'><strong>cum</strong></span> <span class='ocrx_word' id='word_1_86' title='bbox 2147 1545 2534 1632; x_wconf 83' lang='lat' dir='ltr'><strong>praesertim</strong></span> 
     </span>
     <span class='ocr_line' id='line_1_13' title="bbox 522 1646 2535 1735; baseline -0 -22"><span class='ocrx_word' id='word_1_87' title='bbox 522 1669 750 1734; x_wconf 71' lang='lat' dir='ltr'><strong>neque⁸</strong></span> <span class='ocrx_word' id='word_1_88' title='bbox 787 1647 1156 1719; x_wconf 84' lang='lat' dir='ltr'><strong>necessitati</strong></span> <span class='ocrx_word' id='word_1_89' title='bbox 1208 1646 1655 1713; x_wconf 82' lang='lat' dir='ltr'><strong>subveniatur</strong></span> <span class='ocrx_word' id='word_1_90' title='bbox 1694 1669 1817 1714; x_wconf 91' lang='lat' dir='ltr'><strong>nec</strong></span> <span class='ocrx_word' id='word_1_91' title='bbox 1871 1647 2160 1735; x_wconf 85' lang='lat' dir='ltr'><strong>dignitas</strong></span> <span class='ocrx_word' id='word_1_92' title='bbox 2216 1655 2535 1735; x_wconf 87' lang='lat' dir='ltr'><strong>augeatur</strong></span> 
     </span>
     <span class='ocr_line' id='line_1_14' title="bbox 520 1749 2533 1837; baseline -0.001 -22"><span class='ocrx_word' id='word_1_93' title='bbox 520 1752 788 1837; x_wconf 88' lang='lat' dir='ltr'><strong>ipsaque</strong></span> <span class='ocrx_word' id='word_1_94' title='bbox 820 1750 932 1816; x_wconf 86' lang='lat' dir='ltr'><strong>illa</strong></span> <span class='ocrx_word' id='word_1_95' title='bbox 967 1749 1318 1816; x_wconf 87' lang='lat' dir='ltr'><strong>delectatio</strong></span> <span class='ocrx_word' id='word_1_96' title='bbox 1357 1749 1806 1819; x_wconf 81' lang='lat' dir='ltr'><strong>multitudinis</strong></span> <span class='ocrx_word' id='word_1_97' title='bbox 1840 1750 1925 1817; x_wconf 88' lang='lat' dir='ltr'><strong>ad</strong></span> <span class='ocrx_word' id='word_1_98' title='bbox 1957 1751 2155 1816; x_wconf 84' lang='lat' dir='ltr'><strong>breve</strong></span> <span class='ocrx_word' id='word_1_99' title='bbox 2190 1750 2533 1837; x_wconf 88' lang='lat' dir='ltr'><strong>exiguum-</strong></span> 
     </span>
     <span class='ocr_line' id='line_1_15' title="bbox 520 1850 2528 1940; baseline 0 -22"><span class='ocrx_word' id='word_1_100' title='bbox 520 1871 674 1940; x_wconf 73' lang='lat' dir='ltr'><strong>que&#39;</strong></span> <span class='ocrx_word' id='word_1_101' title='bbox 701 1863 968 1940; x_wconf 89' lang='lat' dir='ltr'><strong>tempus</strong></span> <span class='ocrx_word' id='word_1_102' title='bbox 1017 1850 1350 1940; x_wconf 75' lang='lat' dir='ltr'><strong>capiatur,</strong></span> <span class='ocrx_word' id='word_1_103' title='bbox 1399 1873 1609 1938; x_wconf 89' lang='lat' dir='ltr'><strong>eaque</strong></span> <span class='ocrx_word' id='word_1_104' title='bbox 1652 1875 1689 1918; x_wconf 87' lang='lat' dir='ltr'><strong>a</strong></span> <span class='ocrx_word' id='word_1_105' title='bbox 1732 1853 2085 1920; x_wconf 90' lang='lat' dir='ltr'><strong>levissumo</strong></span> <span class='ocrx_word' id='word_1_106' title='bbox 2128 1875 2413 1940; x_wconf 88' lang='lat' dir='ltr'><strong>quoquc,</strong></span> <span class='ocrx_word' id='word_1_107' title='bbox 2459 1854 2528 1918; x_wconf 91' lang='lat' dir='ltr'><strong>in</strong></span> 
     </span>
     <span class='ocr_line' id='line_1_16' title="bbox 451 1955 2598 2044; baseline 0.001 -24"><span class='ocrx_word' id='word_1_108' title='bbox 451 1979 504 2022; x_wconf 78' lang='lat'><strong>15</strong></span> <span class='ocrx_word' id='word_1_109' title='bbox 521 1976 653 2042; x_wconf 88' lang='lat' dir='ltr'><strong>quo</strong></span> <span class='ocrx_word' id='word_1_110' title='bbox 705 1962 923 2021; x_wconf 87' lang='lat' dir='ltr'><strong>tamen</strong></span> <span class='ocrx_word' id='word_1_111' title='bbox 977 1955 1122 2043; x_wconf 91' lang='lat' dir='ltr'><strong>ipso</strong></span> <span class='ocrx_word' id='word_1_112' title='bbox 1173 1976 1306 2020; x_wconf 87' lang='lat' dir='ltr'><strong>una</strong></span> <span class='ocrx_word' id='word_1_113' title='bbox 1356 1976 1509 2021; x_wconf 91' lang='lat' dir='ltr'><strong>cum</strong></span> <span class='ocrx_word' id='word_1_114' title='bbox 1556 1957 1855 2022; x_wconf 87' lang='lat' dir='ltr'><strong>satietate</strong></span> <span class='ocrx_word' id='word_1_115' title='bbox 1901 1957 2219 2022; x_wconf 88' lang='lat' dir='ltr'><strong>memoria</strong></span> <span class='ocrx_word' id='word_1_116' title='bbox 2267 1978 2532 2043; x_wconf 88' lang='lat' dir='ltr'><strong>quoque</strong></span> <span class='ocrx_word' id='word_1_117' title='bbox 2581 2035 2598 2044; x_wconf 64' lang='lat'><strong>-</strong></span> 
     </span>
     <span class='ocr_line' id='line_1_17' title="bbox 522 2057 2624 2146; baseline 0.001 -24"><span class='ocrx_word' id='word_1_118' title='bbox 522 2057 841 2124; x_wconf 86' lang='lat' dir='ltr'><strong>moriatur</strong></span> <span class='ocrx_word' id='word_1_119' title='bbox 874 2057 1295 2144; x_wconf 76' lang='lat' dir='ltr'><strong>voluptatiS.”</strong></span> <span class='ocrx_word' id='word_1_120' title='bbox 1357 2057 1542 2123; x_wconf 90' lang='lat' dir='ltr'><strong>Bene</strong></span> <span class='ocrx_word' id='word_1_121' title='bbox 1572 2061 1770 2124; x_wconf 90' lang='lat' dir='ltr'><strong>etiam</strong></span> <span class='ocrx_word' id='word_1_122' title='bbox 1794 2057 2049 2145; x_wconf 85' lang='lat' dir='ltr'><strong>colligit</strong></span> <span class='ocrx_word' id='word_1_123' title='bbox 2073 2058 2287 2125; x_wconf 88' lang='lat' dir='ltr'><strong>“haec</strong></span> <span class='ocrx_word' id='word_1_124' title='bbox 2309 2060 2529 2146; x_wconf 87' lang='lat' dir='ltr'><strong>pueris</strong></span> <span class='ocrx_word' id='word_1_125' title='bbox 2549 2064 2624 2125; x_wconf 78' lang='lat'><strong>57</strong></span> 
     </span>
     <span class='ocr_line' id='line_1_18' title="bbox 520 2160 2531 2242; baseline -0 -15"><span class='ocrx_word' id='word_1_126' title='bbox 520 2169 590 2227; x_wconf 84' lang='lat' dir='ltr'><strong>et</strong></span> <span class='ocrx_word' id='word_1_127' title='bbox 623 2160 1026 2242; x_wconf 85' lang='lat' dir='ltr'><strong>mulierculis</strong></span> <span class='ocrx_word' id='word_1_128' title='bbox 1061 2168 1130 2226; x_wconf 92' lang='lat' dir='ltr'><strong>et</strong></span> <span class='ocrx_word' id='word_1_129' title='bbox 1173 2161 1378 2227; x_wconf 79' lang='lat' dir='ltr'><strong>servis</strong></span> <span class='ocrx_word' id='word_1_130' title='bbox 1421 2168 1488 2226; x_wconf 92' lang='lat' dir='ltr'><strong>et</strong></span> <span class='ocrx_word' id='word_1_131' title='bbox 1532 2182 1875 2228; x_wconf 89' lang='lat' dir='ltr'><strong>servorum</strong></span> <span class='ocrx_word' id='word_1_132' title='bbox 1920 2161 2271 2228; x_wconf 91' lang='lat' dir='ltr'><strong>simillimis</strong></span> <span class='ocrx_word' id='word_1_133' title='bbox 2307 2162 2531 2228; x_wconf 92' lang='lat' dir='ltr'><strong>liberis</strong></span> 
     </span>
     <span class='ocr_line' id='line_1_19' title="bbox 519 2263 2529 2352; baseline 0 -22"><span class='ocrx_word' id='word_1_134' title='bbox 519 2285 658 2330; x_wconf 90' lang='lat' dir='ltr'><strong>esse</strong></span> <span class='ocrx_word' id='word_1_135' title='bbox 685 2271 889 2351; x_wconf 88' lang='lat' dir='ltr'><strong>grata,</strong></span> <span class='ocrx_word' id='word_1_136' title='bbox 920 2263 1108 2352; x_wconf 87' lang='lat' dir='ltr'><strong>gravi</strong></span> <span class='ocrx_word' id='word_1_137' title='bbox 1142 2285 1296 2329; x_wconf 85' lang='lat' dir='ltr'><strong>vero</strong></span> <span class='ocrx_word' id='word_1_138' title='bbox 1335 2263 1595 2329; x_wconf 89' lang='lat' dir='ltr'><strong>homini</strong></span> <span class='ocrx_word' id='word_1_139' title='bbox 1625 2271 1693 2330; x_wconf 86' lang='lat' dir='ltr'><strong>ct</strong></span> <span class='ocrx_word' id='word_1_140' title='bbox 1728 2286 1823 2346; x_wconf 91' lang='lat' dir='ltr'><strong>ea,</strong></span> <span class='ocrx_word' id='word_1_141' title='bbox 1854 2285 2022 2350; x_wconf 88' lang='lat' dir='ltr'><strong>quae</strong></span> <span class='ocrx_word' id='word_1_142' title='bbox 2056 2263 2247 2348; x_wconf 88' lang='lat' dir='ltr'><strong>fiunt,</strong></span> <span class='ocrx_word' id='word_1_143' title='bbox 2284 2264 2529 2330; x_wconf 90' lang='lat' dir='ltr'><strong>iudicio</strong></span> 
     </span>
     <span class='ocr_line' id='line_1_20' title="bbox 519 2365 2531 2455; baseline -0 -23"><span class='ocrx_word' id='word_1_144' title='bbox 519 2373 700 2433; x_wconf 86' lang='lat' dir='ltr'><strong>certo</strong></span> <span class='ocrx_word' id='word_1_145' title='bbox 730 2366 1122 2455; x_wconf 83' lang='lat' dir='ltr'><strong>ponderanti</strong></span> <span class='ocrx_word' id='word_1_146' title='bbox 1167 2366 1432 2454; x_wconf 90' lang='lat' dir='ltr'><strong>probari</strong></span> <span class='ocrx_word' id='word_1_147' title='bbox 1476 2386 1666 2452; x_wconf 87' lang='lat' dir='ltr'><strong>posse</strong></span> <span class='ocrx_word' id='word_1_148' title='bbox 1709 2365 1895 2431; x_wconf 90' lang='lat' dir='ltr'><strong>nullo</strong></span> <span class='ocrx_word' id='word_1_149' title='bbox 1939 2365 2198 2431; x_wconf 87' lang='lat' dir='ltr'><strong>mod0.’&#39;</strong></span> <span class='ocrx_word' id='word_1_150' title='bbox 2288 2366 2531 2444; x_wconf 85' lang='lat' dir='ltr'><strong>Quam-</strong></span> 
     </span>
     <span class='ocr_line' id='line_1_21' title="bbox 449 2466 2531 2555; baseline -0 -22"><span class='ocrx_word' id='word_1_151' title='bbox 449 2490 718 2555; x_wconf 72' lang='lat' dir='ltr'><strong>mquam</strong></span> <span class='ocrx_word' id='word_1_152' title='bbox 753 2468 1068 2555; x_wconf 88' lang='lat' dir='ltr'><strong>intellego</strong></span> <span class='ocrx_word' id='word_1_153' title='bbox 1099 2468 1168 2532; x_wconf 91' lang='lat' dir='ltr'><strong>in</strong></span> <span class='ocrx_word' id='word_1_154' title='bbox 1202 2475 1425 2534; x_wconf 89' lang='lat' dir='ltr'><strong>nostra</strong></span> <span class='ocrx_word' id='word_1_155' title='bbox 1454 2467 1724 2533; x_wconf 86' lang='lat' dir='ltr'><strong>civitate</strong></span> <span class='ocrx_word' id='word_1_156' title='bbox 1754 2467 2149 2533; x_wconf 86' lang='lat' dir='ltr'><strong>inveterasse</strong></span> <span class='ocrx_word' id='word_1_157' title='bbox 2178 2466 2307 2531; x_wconf 88' lang='lat' dir='ltr'><strong>iam</strong></span> <span class='ocrx_word' id='word_1_158' title='bbox 2343 2467 2531 2533; x_wconf 88' lang='lat' dir='ltr'><strong>bonis</strong></span> 
     </span>
     <span class='ocr_line' id='line_1_22' title="bbox 520 2557 2533 2662; baseline -0 -27"><span class='ocrx_word' id='word_1_159' title='bbox 520 2571 947 2658; x_wconf 88' lang='lat' dir='ltr'><strong>temporibus,</strong></span> <span class='ocrx_word' id='word_1_160' title='bbox 993 2578 1070 2634; x_wconf 93' lang='lat' dir='ltr'><strong>ut</strong></span> <span class='ocrx_word' id='word_1_161' title='bbox 1113 2557 1428 2662; x_wconf 87' lang='lat' dir='ltr'><strong>splendor</strong></span> <span class='ocrx_word' id='word_1_162' title='bbox 1470 2569 1883 2635; x_wconf 81' lang='lat' dir='ltr'><strong>aedilitatum</strong></span> <span class='ocrx_word' id='word_1_163' title='bbox 1926 2569 2011 2634; x_wconf 87' lang='lat' dir='ltr'><strong>ab</strong></span> <span class='ocrx_word' id='word_1_164' title='bbox 2055 2569 2325 2657; x_wconf 90' lang='lat' dir='ltr'><strong>optimis</strong></span> <span class='ocrx_word' id='word_1_165' title='bbox 2368 2568 2533 2635; x_wconf 79' lang='lat' dir='ltr'><strong>viris</strong></span> 
     </span>
     <span class='ocr_line' id='line_1_23' title="bbox 517 2670 2528 2761; baseline 0 -22"><span class='ocrx_word' id='word_1_166' title='bbox 517 2673 904 2761; x_wconf 88' lang='lat' dir='ltr'><strong>postuletur.</strong></span> <span class='ocrx_word' id='word_1_167' title='bbox 970 2670 1207 2758; x_wconf 88' lang='lat' dir='ltr'><strong>Itaque</strong></span> <span class='ocrx_word' id='word_1_168' title='bbox 1235 2678 1304 2737; x_wconf 90' lang='lat' dir='ltr'><strong>et</strong></span> <span class='ocrx_word' id='word_1_169' title='bbox 1334 2670 1413 2737; x_wconf 88' lang='lat' dir='ltr'><strong>P.</strong></span> <span class='ocrx_word' id='word_1_170' title='bbox 1442 2671 1712 2737; x_wconf 86' lang='lat' dir='ltr'><strong>Crassus</strong></span> <span class='ocrx_word' id='word_1_171' title='bbox 1740 2689 1892 2736; x_wconf 88' lang='lat' dir='ltr'><strong>cum</strong></span> <span class='ocrx_word' id='word_1_172' title='bbox 1923 2670 2316 2757; x_wconf 89' lang='lat' dir='ltr'><strong>cognomine</strong></span> <span class='ocrx_word' id='word_1_173' title='bbox 2346 2672 2528 2740; x_wconf 89' lang='lat' dir='ltr'><strong>dives</strong></span> 
     </span>
     <span class='ocr_line' id='line_1_24' title="bbox 517 2774 2531 2862; baseline -0.001 -21"><span class='ocrx_word' id='word_1_174' title='bbox 517 2785 661 2841; x_wconf 90' lang='lat' dir='ltr'><strong>tum</strong></span> <span class='ocrx_word' id='word_1_175' title='bbox 711 2775 917 2862; x_wconf 87' lang='lat' dir='ltr'><strong>copiis</strong></span> <span class='ocrx_word' id='word_1_176' title='bbox 959 2774 1234 2840; x_wconf 84' lang='lat' dir='ltr'><strong>functus</strong></span> <span class='ocrx_word' id='word_1_177' title='bbox 1285 2782 1386 2840; x_wconf 87' lang='lat' dir='ltr'><strong>cst</strong></span> <span class='ocrx_word' id='word_1_178' title='bbox 1429 2774 1731 2841; x_wconf 87' lang='lat' dir='ltr'><strong>aedilicio</strong></span> <span class='ocrx_word' id='word_1_179' title='bbox 1788 2775 2075 2842; x_wconf 87' lang='lat' dir='ltr'><strong>maximo</strong></span> <span class='ocrx_word' id='word_1_180' title='bbox 2121 2795 2415 2857; x_wconf 89' lang='lat' dir='ltr'><strong>munere,</strong></span> <span class='ocrx_word' id='word_1_181' title='bbox 2462 2781 2531 2840; x_wconf 90' lang='lat' dir='ltr'><strong>et</strong></span> 
     </span>
     <span class='ocr_line' id='line_1_25' title="bbox 514 2875 2531 2964; baseline 0 -22"><span class='ocrx_word' id='word_1_182' title='bbox 514 2877 712 2964; x_wconf 90' lang='lat' dir='ltr'><strong>paulo</strong></span> <span class='ocrx_word' id='word_1_183' title='bbox 741 2885 893 2964; x_wconf 90' lang='lat' dir='ltr'><strong>post</strong></span> <span class='ocrx_word' id='word_1_184' title='bbox 921 2875 995 2942; x_wconf 89' lang='lat' dir='ltr'><strong>L.</strong></span> <span class='ocrx_word' id='word_1_185' title='bbox 1029 2876 1298 2942; x_wconf 85' lang='lat' dir='ltr'><strong>Crassus</strong></span> <span class='ocrx_word' id='word_1_186' title='bbox 1332 2898 1488 2943; x_wconf 87' lang='lat' dir='ltr'><strong>cum</strong></span> <span class='ocrx_word' id='word_1_187' title='bbox 1523 2876 1821 2943; x_wconf 87' lang='lat' dir='ltr'><strong>omnium</strong></span> <span class='ocrx_word' id='word_1_188' title='bbox 1858 2876 2207 2944; x_wconf 89' lang='lat' dir='ltr'><strong>hominum</strong></span> <span class='ocrx_word' id='word_1_189' title='bbox 2242 2878 2531 2943; x_wconf 87' lang='lat' dir='ltr'><strong>modera-</strong></span> 
     </span>
     <span class='ocr_line' id='line_1_26' title="bbox 447 2976 2530 3066; baseline 0 -22"><span class='ocrx_word' id='word_1_190' title='bbox 447 2979 769 3045; x_wconf 62' lang='lat' dir='ltr'><strong>notissimo</strong></span> <span class='ocrx_word' id='word_1_191' title='bbox 805 2979 888 3057; x_wconf 85' lang='lat' dir='ltr'><strong>Q.</strong></span> <span class='ocrx_word' id='word_1_192' title='bbox 925 2976 1151 3045; x_wconf 88' lang='lat' dir='ltr'><strong>Mucio</strong></span> <span class='ocrx_word' id='word_1_193' title='bbox 1194 2979 1841 3066; x_wconf 86' lang='lat' dir='ltr'><strong>magnificentissima</strong></span> <span class='ocrx_word' id='word_1_194' title='bbox 1883 2979 2217 3046; x_wconf 85' lang='lat' dir='ltr'><strong>aedilitate</strong></span> <span class='ocrx_word' id='word_1_195' title='bbox 2258 2980 2530 3046; x_wconf 84' lang='lat' dir='ltr'><strong>functus</strong></span> 
     </span>
     <span class='ocr_line' id='line_1_27' title="bbox 515 3080 2527 3169; baseline -0.001 -22"><span class='ocrx_word' id='word_1_196' title='bbox 515 3090 635 3164; x_wconf 89' lang='lat' dir='ltr'><strong>est,</strong></span> <span class='ocrx_word' id='word_1_197' title='bbox 680 3080 923 3147; x_wconf 88' lang='lat' dir='ltr'><strong>deinde</strong></span> <span class='ocrx_word' id='word_1_198' title='bbox 969 3080 1045 3146; x_wconf 82' lang='lat' dir='ltr'><strong>O.</strong></span> <span class='ocrx_word' id='word_1_199' title='bbox 1079 3080 1398 3146; x_wconf 85' lang='lat' dir='ltr'><strong>Claudius</strong></span> <span class='ocrx_word' id='word_1_200' title='bbox 1442 3082 1623 3169; x_wconf 88' lang='lat' dir='ltr'><strong>App.</strong></span> <span class='ocrx_word' id='word_1_201' title='bbox 1670 3081 1744 3165; x_wconf 84' lang='lat' dir='ltr'><strong>f.,</strong></span> <span class='ocrx_word' id='word_1_202' title='bbox 1791 3081 1986 3148; x_wconf 89' lang='lat' dir='ltr'><strong>multi</strong></span> <span class='ocrx_word' id='word_1_203' title='bbox 2030 3091 2199 3169; x_wconf 89' lang='lat' dir='ltr'><strong>post,</strong></span> <span class='ocrx_word' id='word_1_204' title='bbox 2245 3080 2527 3164; x_wconf 92' lang='lat' dir='ltr'><strong>Luculli,</strong></span> 
     </span>
     <span class='ocr_line' id='line_1_28' title="bbox 515 3182 2530 3266; baseline -0.001 -18"><span class='ocrx_word' id='word_1_205' title='bbox 515 3182 932 3266; x_wconf 88' lang='lat' dir='ltr'><strong>Hortensius,</strong></span> <span class='ocrx_word' id='word_1_206' title='bbox 959 3182 1220 3248; x_wconf 88' lang='lat' dir='ltr'><strong>Silanus</strong></span> <span class='ocrx_word' id='word_1_207' title='bbox 1241 3202 1257 3264; x_wconf 94' lang='lat'>;</span> <span class='ocrx_word' id='word_1_208' title='bbox 1282 3205 1513 3250; x_wconf 90' lang='lat' dir='ltr'><strong>omnes</strong></span> <span class='ocrx_word' id='word_1_209' title='bbox 1540 3191 1762 3250; x_wconf 87' lang='lat' dir='ltr'><strong>autem</strong></span> <span class='ocrx_word' id='word_1_210' title='bbox 1787 3182 1867 3250; x_wconf 90' lang='lat' dir='ltr'><strong>P.</strong></span> <span class='ocrx_word' id='word_1_211' title='bbox 1893 3182 2215 3250; x_wconf 88' lang='lat' dir='ltr'><strong>Lentulus</strong></span> <span class='ocrx_word' id='word_1_212' title='bbox 2246 3204 2352 3248; x_wconf 90' lang='lat' dir='ltr'><strong>me</strong></span> <span class='ocrx_word' id='word_1_213' title='bbox 2381 3204 2530 3248; x_wconf 91' lang='lat' dir='ltr'><strong>con-</strong></span> 
     </span>
     <span class='ocr_line' id='line_1_29' title="bbox 517 3283 2532 3372; baseline -0.002 -22"><span class='ocrx_word' id='word_1_214' title='bbox 517 3285 658 3350; x_wconf 87' lang='lat' dir='ltr'><strong>sule</strong></span> <span class='ocrx_word' id='word_1_215' title='bbox 680 3284 840 3350; x_wconf 90' lang='lat' dir='ltr'><strong>vicit</strong></span> <span class='ocrx_word' id='word_1_216' title='bbox 863 3284 1259 3372; x_wconf 86' lang='lat' dir='ltr'><strong>superiores3</strong></span> <span class='ocrx_word' id='word_1_217' title='bbox 1295 3283 1476 3352; x_wconf 88' lang='lat' dir='ltr'><strong>hunc</strong></span> <span class='ocrx_word' id='word_1_218' title='bbox 1497 3292 1597 3352; x_wconf 90' lang='lat' dir='ltr'><strong>est</strong></span> <span class='ocrx_word' id='word_1_219' title='bbox 1620 3286 1903 3351; x_wconf 87' lang='lat' dir='ltr'><strong>Scaurus</strong></span> <span class='ocrx_word' id='word_1_220' title='bbox 1924 3285 2219 3349; x_wconf 88' lang='lat' dir='ltr'><strong>imitatus</strong></span> <span class='ocrx_word' id='word_1_221' title='bbox 2233 3304 2250 3364; x_wconf 85' lang='lat'><em>3</em></span> <span class='ocrx_word' id='word_1_222' title='bbox 2282 3283 2532 3368; x_wconf 88' lang='lat' dir='ltr'><strong>magni-</strong></span> 
     </span>
     <span class='ocr_line' id='line_1_30' title="bbox 515 3377 2528 3474; baseline -0.002 -22"><span class='ocrx_word' id='word_1_223' title='bbox 515 3386 936 3453; x_wconf 87' lang='lat' dir='ltr'><strong>ficentissima</strong></span> <span class='ocrx_word' id='word_1_224' title='bbox 969 3409 1126 3454; x_wconf 88' lang='lat' dir='ltr'><strong>vero</strong></span> <span class='ocrx_word' id='word_1_225' title='bbox 1160 3388 1369 3454; x_wconf 90' lang='lat' dir='ltr'><strong>nostri</strong></span> <span class='ocrx_word' id='word_1_226' title='bbox 1413 3377 1698 3474; x_wconf 85' lang='lat' dir='ltr'><strong>Pompei</strong></span> <span class='ocrx_word' id='word_1_227' title='bbox 1743 3407 2017 3451; x_wconf 87' lang='lat' dir='ltr'><strong>munera</strong></span> <span class='ocrx_word' id='word_1_228' title='bbox 2059 3384 2346 3450; x_wconf 91' lang='lat' dir='ltr'><strong>secundo</strong></span> <span class='ocrx_word' id='word_1_229' title='bbox 2383 3405 2528 3449; x_wconf 89' lang='lat' dir='ltr'><strong>con-</strong></span> 
     </span>
     <span class='ocr_line' id='line_1_31' title="bbox 445 3459 2623 3601; baseline -0.002 -46"><span class='ocrx_word' id='word_1_230' title='bbox 445 3509 499 3581; x_wconf 69' lang='lat'><strong>⁸⁹</strong></span> <span class='ocrx_word' id='word_1_231' title='bbox 516 3489 730 3555; x_wconf 75' lang='lat' dir='ltr'><strong>sulam</strong></span> <span class='ocrx_word' id='word_1_232' title='bbox 754 3510 771 3572; x_wconf 90' lang='lat'>;</span> <span class='ocrx_word' id='word_1_233' title='bbox 800 3490 870 3555; x_wconf 78' lang='lat' dir='ltr'><strong>in</strong></span> <span class='ocrx_word' id='word_1_234' title='bbox 894 3490 1133 3577; x_wconf 79' lang='lat' dir='ltr'><strong>quibus</strong></span> <span class='ocrx_word' id='word_1_235' title='bbox 1157 3492 1463 3557; x_wconf 77' lang='lat' dir='ltr'><strong>omnibus</strong></span> <span class='ocrx_word' id='word_1_236' title='bbox 1485 3490 1647 3575; x_wconf 82' lang='lat' dir='ltr'><strong>quid</strong></span> <span class='ocrx_word' id='word_1_237' title='bbox 1674 3489 1835 3553; x_wconf 75' lang='lat' dir='ltr'><strong>mihi</strong></span> <span class='ocrx_word' id='word_1_238' title='bbox 1859 3487 2129 3574; x_wconf 73' lang='lat' dir='ltr'><strong>placeat,</strong></span> <span class='ocrx_word' id='word_1_239' title='bbox 2154 3485 2355 3551; x_wconf 84' lang='lat' dir='ltr'><strong>vides.</strong></span> <span class='ocrx_word' id='word_1_240' title='bbox 2412 3459 2623 3601; x_wconf 63' lang='lat' dir='ltr'><strong>xri-15}</strong></span> 
     </span>
     <span class='ocr_line' id='line_1_32' title="bbox 513 3588 2529 3680; baseline -0.002 -22"><span class='ocrx_word' id='word_1_241' title='bbox 513 3591 714 3658; x_wconf 86' lang='lat' dir='ltr'><strong>tanda</strong></span> <span class='ocrx_word' id='word_1_242' title='bbox 748 3599 971 3658; x_wconf 90' lang='lat' dir='ltr'><strong>tamen</strong></span> <span class='ocrx_word' id='word_1_243' title='bbox 1007 3593 1290 3680; x_wconf 90' lang='lat' dir='ltr'><strong>suspicio</strong></span> <span class='ocrx_word' id='word_1_244' title='bbox 1325 3601 1423 3658; x_wconf 92' lang='lat' dir='ltr'><strong>est</strong></span> <span class='ocrx_word' id='word_1_245' title='bbox 1469 3591 1799 3657; x_wconf 88' lang='lat' dir='ltr'><strong>avaritiae.</strong></span> <span class='ocrx_word' id='word_1_246' title='bbox 1886 3588 2243 3672; x_wconf 85' lang='lat' dir='ltr'><strong>Mamerco,</strong></span> <span class='ocrx_word' id='word_1_247' title='bbox 2273 3588 2529 3654; x_wconf 87' lang='lat' dir='ltr'><strong>homini</strong></span> 
     </span>
    </p>
   </div>
   <div class='ocr_carea' id='block_1_3' title="bbox 513 3691 2531 3783">
    <p class='ocr_par' dir='ltr' id='par_1_3' title="bbox 513 3691 2531 3783">
     <span class='ocr_line' id='line_1_33' title="bbox 513 3691 2531 3783; baseline -0.001 -23"><span class='ocrx_word' id='word_1_248' title='bbox 513 3694 930 3780; x_wconf 81' lang='lat' dir='ltr'><strong>divitissimO,</strong></span> <span class='ocrx_word' id='word_1_249' title='bbox 976 3695 1461 3782; x_wconf 87' lang='lat' dir='ltr'><strong>praetermissio</strong></span> <span class='ocrx_word' id='word_1_250' title='bbox 1504 3692 1857 3760; x_wconf 85' lang='lat' dir='ltr'><strong>aedilitatis</strong></span> <span class='ocrx_word' id='word_1_251' title='bbox 1901 3691 2275 3760; x_wconf 87' lang='lat' dir='ltr'><strong>consulatus</strong></span> <span class='ocrx_word' id='word_1_252' title='bbox 2318 3691 2531 3783; x_wconf 87' lang='lat' dir='ltr'><strong>repul-</strong></span> 
     </span>
    </p>
   </div>
  </div>
 </body>
</html>
