2867 4334
439 402 523 467 62
1215 397 1318 450 DE
1359 395 1667 451 omens

435 570 586 615 mus
625 569 750 615 nec
793 569 1112 636 umquam
1164 549 1293 615 nisi
1335 548 1718 633 necessarie,
1755 549 1813 615 si
1855 547 2041 614 nulla
2085 547 2452 636 reperietur

437 653 565 718 alia
583 651 911 718 medicina
931 673 951 734 3
995 652 1110 719 sed
1132 658 1354 719 tamen
1376 653 1477 718 ira
1495 652 1727 740 procul
1748 652 1935 735 absit,
1954 673 2109 719 cum
2130 673 2261 739 qua
2280 651 2451 717 nihil

304 759 418 820 137
437 761 615 822 recte
657 753 824 838 fieri,
861 753 1032 820 nihil
1081 755 1489 822 considerate
1533 762 1770 843 potest.
1858 753 2179 840 Magnam
2228 762 2451 821 autem

436 865 692 947 partem
703 857 1040 924 (clementi
1071 843 1691 946 castigationelicet
1722 858 1845 941 uti,
1867 857 2194 945 gravitate
2226 865 2451 924 tamen

437 962 765 1045 adiuncta,
796 969 874 1027 ut
912 961 1226 1027 severitas
1267 961 1657 1028 adhibeatur
1699 968 1768 1026 ct
1803 960 2204 1027 contumelia
2244 960 2453 1048 repel·
2490 983 2523 1024 s

435 1063 630 1148 latur,
653 1071 852 1150 atque
895 1063 1096 1128 etiam
1141 1062 1309 1129 illud
1349 1064 1589 1150 ipsum,
1615 1062 1793 1149 quod
1836 1059 2209 1128 acerbitatis
2250 1061 2455 1129 habet

438 1166 827 1253 obiurgatio,
849 1164 1356 1253 significandum
1384 1175 1506 1250 est,
1531 1166 1737 1253 ipsius
1765 1165 1836 1231 id
1857 1185 2067 1247 causa,
2090 1164 2455 1251 qui-obiur-

436 1275 651 1356 getur,
665 1289 810 1334 esse
829 1276 1227 1355 susceptum.
1315 1267 1602 1336 Rectum
1622 1275 1725 1334 est
1750 1275 1973 1334 autem
2003 1267 2206 1333 etiam
2226 1266 2297 1332 in
2318 1266 2455 1332 illis

438 1370 993 1453 contentionibuS,
1029 1391 1198 1457 quae
1248 1390 1403 1436 cum
1446 1367 1919 1437 inimicissimis
1963 1367 2158 1452 fiunt,
2196 1369 2461 1435 etiamsi-

438 1472 631 1539 nobis
657 1472 934 1560 indigna
961 1471 1324 1555 audiamus,
1341 1479 1565 1538 tamen
1596 1473 1989 1560 gravitatem
2010 1472 2316 1555 retinere,
2336 1474 2455 1537 ira-
2468 1495 2528 1536 ic

440 1574 750 1641 cundiam
788 1572 1126 1662 repellere.
1216 1573 1406 1652 Quae
1448 1575 1631 1640 enim
1670 1596 1823 1640 cum
1868 1574 2087 1660 aliqua
2120 1574 2455 1660 perturba-

440 1678 624 1744 tione
665 1677 860 1760 fiunt,
891 1698 968 1742 ea
1008 1697 1132 1743 nec
1173 1685 1555 1744 constanter
1588 1675 1734 1743 fieri
1776 1686 2052 1765 possunt
2094 1697 2311 1762 neque
2350 1675 2451 1758 iia,

441 1782 560 1869 qui
601 1781 860 1863 adsunt,
891 1779 1174 1866 probari.
1262 1778 1589 1846 Deforme
1632 1780 1830 1846 etiam
1868 1788 1971 1845 est
2005 1779 2089 1845 de
2131 1800 2201 1844 se
2236 1779 2454 1864 ipsum

441 1885 837 1974 praedicare,
866 1883 1035 1950 falsa
1076 1885 1483 1972 praesertim,
1518 1891 1588 1950 et
1630 1907 1789 1951 cum-
1828 1885 2145 1951 inrisione
2194 1883 2457 1950 audien-

441 1988 612 2054 tium
647 1987 895 2053 imitari
932 1985 1213 2052 militem
1251 1986 1633 2073 gloriosum.
2200 1974 2205 1977 ⁵
2470 2006 2529 2048 ιε

319 2060 408 2130 39
526 2088 617 2156 Et
645 2089 981 2176 -quoniam
1039 2088 1262 2154 omnia
1309 2088 1787 2176 persequimur,
1821 2088 2131 2154 volumus
2186 2087 2456 2175 quidem

307 2152 422 2206 138
441 2201 639 2274 certe,
662 2191 1020 2258 dicendum
1055 2198 1155 2256 est
1188 2191 1409 2274 etiam,
1433 2190 1695 2278 qualem
1732 2190 2022 2256 hominis
2048 2189 2353 2257 honorati
2388 2196 2457 2256 et

441 2294 762 2382 principis
805 2294 1081 2360 domum
1115 2292 1368 2380 placeat
1410 2314 1569 2376 esse,
1601 2293 1788 2359 cuius
1828 2291 1983 2358 finis
2024 2301 2125 2359 est
2168 2314 2343 2376 usne,
2374 2293 2457 2359 ad

441 2396 1336 2484 quem-accommodanda-est
1357 2393 1745 2462 aedificandi
1769 2396 2121 2483 descriptio
2142 2404 2212 2462 et
2234 2405 2455 2462 tamen

441 2499 814 2567 adhibenda
848 2499 1334 2567 commoditatis
1365 2499 1842 2586 dignitatisque
1876 2497 2241 2584 diligentia.
2332 2499 2530 2564 Gamo

443 2602 743 2686 Octavio,
773 2602 891 2689 qui
934 2602 1189 2690 primus
1230 2623 1314 2668 ex
1357 2601 1474 2666 illa
1515 2601 1773 2666 familia
1816 2600 2044 2667 consul
2078 2601 2294 2666 factus
2336 2609 2455 2683 est,

441 2702 680 2770 honori
717 2702 925 2769 fuisse
967 2703 1359 2790 accepimus,
1391 2703 1571 2790 quod
1611 2702 2012 2789 praeclaram
2054 2702 2458 2769 aedificasset

441 2806 516 2870 in
565 2803 824 2870 Palatio
879 2811 970 2870 et·
998 2804 1266 2891 plenam
1316 2805 1664 2890 dignitatis
1712 2805 2030 2888 domum3
2086 2825 2254 2892 quae
2303 2826 2457 2871 cum

442 2904 649 2992 vulgo
701 2907 1040 2988 viseretur,
1087 2887 1442 2993 suffragata
1492 2905 1799 2990 domin0,'
1826 2930 2002 2975 novo
2054 2908 2328 2991 homini,
2372 2908 2458 2973 ad
2544 2917 2547 2922 '

443 3006 855 3075 consulatum
893 3008 1288 3095 putabatur3
1332 3007 1501 3074 hanc
1542 3008 1825 3076 Scaurus
1861 3010 2215 3077 demolitus
2254 3030 2529 3076 acces-25

443 3110 696 3177 sionem
729 3109 1035 3176 adiunxit
1065 3110 1357 3176 aedibus.
1446 3109 1683 3198 Itaque
1719 3113 1831 3178 ille
1865 3113 1938 3176 in
1964 3133 2151 3177 suam
2180 3112 2455 3177 domum

442 3210 853 3280 consulatum
885 3212 1142 3300 primus
1170 3212 1415 3296 attulit,
1434 3213 1566 3297 hic,
1592 3215 1833 3302 summi
1864 3221 1931 3280 et
1961 3213 2299 3281 clarissimi
2327 3213 2459 3279 viri

441 3314 640 3400 filius,
677 3315 746 3380 in
775 3316 1076 3396 ,domum
1121 3310 1819 3402 multiplicatamhion
1863 3316 2195 3403 repulsam
2244 3315 2459 3382 solum

307 3427 424 3484 139
444 3417 720 3501 rettulit,
759 3417 872 3484 sed
921 3417 1358 3504 ignominiam
1408 3418 1612 3484 etiam
1666 3425 1735 3484 et
1786 3418 2245 3485 calamitatem.
2342 3417 2464 3483 Or-

441 3519 662 3586 nanda
690 3521 868 3586 enim
903 3526 1004 3586 est
1033 3519 1322 3608 dignitas
1350 3519 1569 3605 dome,
1594 3541 1727 3588 non
1758 3542 1843 3586 ex
1873 3520 2073 3588 domo
2101 3528 2241 3587 tota
2269 3539 2531 3607 quae-ao

444 3621 670 3700 renda,
707 3643 829 3688 nec
881 3622 1078 3689 domo
1127 3622 1455 3706 dominae,
1490 3623 1605 3690 sed
1657 3623 1927 3689 domino
1978 3624 2215 3689 domus
2264 3621 2463 3686 hone-

450 3723 682 3789 standa
723 3731 842 3807 est,
873 3731 960 3808 et,
989 3730 1067 3789 ut
1098 3724 1171 3789 in
1215 3725 1451 3792 ceteris
1484 3722 1785 3792 habenda
1826 3724 1996 3791 ratio
2038 3745 2173 3790 non
2209 3742 2327 3788 sua
2366 3742 2467 3789 so-·
