<?xml version="1.0" encoding="UTF-8"?>
<!DOCTYPE html PUBLIC "-//W3C//DTD XHTML 1.0 Transitional//EN"
    "http://www.w3.org/TR/xhtml1/DTD/xhtml1-transitional.dtd">
<html xmlns="http://www.w3.org/1999/xhtml" xml:lang="en" lang="en">
 <head>
  <title>
</title>
<meta http-equiv="Content-Type" content="text/html;charset=utf-8" />
  <meta name='ocr-system' content='tesseract 3.04.00' />
  <meta name='ocr-capabilities' content='ocr_page ocr_carea ocr_par ocr_line ocrx_word'/>
</head>
<body>
  <div class='ocr_page' id='page_1' title='image "./mtulliiciceroni07unkngoog_0078.png"; bbox 0 0 2867 4334; ppageno 0'>
   <div class='ocr_carea' id='block_1_1' title="bbox 893 383 2435 453">
    <p class='ocr_par' dir='ltr' id='par_1_1' title="bbox 893 383 2435 453">
     <span class='ocr_line' id='line_1_1' title="bbox 893 383 2435 453; baseline 0.001 -17"><span class='ocrx_word' id='word_1_1' title='bbox 893 386 1036 438; x_wconf 71' lang='grc' dir='ltr'>ΠΒ.</span> <span class='ocrx_word' id='word_1_2' title='bbox 1073 387 1120 438; x_wconf 93' lang='lat'>1.</span> <span class='ocrx_word' id='word_1_3' title='bbox 1191 385 1350 438; x_wconf 80' lang='lat' dir='ltr'>CAP.</span> <span class='ocrx_word' id='word_1_4' title='bbox 1389 387 1472 450; x_wconf 81' lang='lat'>28,</span> <span class='ocrx_word' id='word_1_5' title='bbox 1496 387 1585 436; x_wconf 72' lang='lat' dir='ltr'>¹aa.</span> <span class='ocrx_word' id='word_1_6' title='bbox 1654 383 1685 447; x_wconf 70' lang='grc'><strong>5</strong></span> <span class='ocrx_word' id='word_1_7' title='bbox 1719 387 1929 437; x_wconf 76' lang='lat'>99-104.</span> <span class='ocrx_word' id='word_1_8' title='bbox 2346 390 2435 453; x_wconf 81' lang='lat'>49</span> 
     </span>
    </p>
   </div>
   <div class='ocr_carea' id='block_1_2' title="bbox 350 532 2572 2062">
    <p class='ocr_par' dir='ltr' id='par_1_2' title="bbox 417 532 2436 933">
     <span class='ocr_line' id='line_1_2' title="bbox 417 532 2436 624; baseline 0.001 -22"><span class='ocrx_word' id='word_1_9' title='bbox 417 558 540 604; x_wconf 87' lang='lat' dir='ltr'>nec</span> <span class='ocrx_word' id='word_1_10' title='bbox 569 532 824 603; x_wconf 66' lang='lat' dir='ltr'>&#39;rationi</span> <span class='ocrx_word' id='word_1_11' title='bbox 868 543 1121 624; x_wconf 86' lang='lat' dir='ltr'>parent,</span> <span class='ocrx_word' id='word_1_12' title='bbox 1155 537 1270 604; x_wconf 90' lang='lat' dir='ltr'>cui</span> <span class='ocrx_word' id='word_1_13' title='bbox 1309 544 1468 603; x_wconf 88' lang='lat' dir='ltr'>sunt</span> <span class='ocrx_word' id='word_1_14' title='bbox 1511 535 1793 603; x_wconf 86' lang='lat' dir='ltr'>subiecti</span> <span class='ocrx_word' id='word_1_15' title='bbox 1834 535 1984 624; x_wconf 85' lang='lat' dir='ltr'>lege</span> <span class='ocrx_word' id='word_1_16' title='bbox 2026 540 2345 621; x_wconf 81' lang='lat' dir='ltr'>naturae3</span> <span class='ocrx_word' id='word_1_17' title='bbox 2395 559 2436 604; x_wconf 91' lang='lat' dir='ltr'>a</span> 
     </span>
     <span class='ocr_line' id='line_1_3' title="bbox 417 639 2436 728; baseline 0 -23"><span class='ocrx_word' id='word_1_18' title='bbox 417 641 659 726; x_wconf 90' lang='lat' dir='ltr'>quibus</span> <span class='ocrx_word' id='word_1_19' title='bbox 701 661 836 706; x_wconf 89' lang='lat' dir='ltr'>non</span> <span class='ocrx_word' id='word_1_20' title='bbox 882 639 1081 706; x_wconf 88' lang='lat' dir='ltr'>modo</span> <span class='ocrx_word' id='word_1_21' title='bbox 1123 640 1332 706; x_wconf 88' lang='lat' dir='ltr'>animi</span> <span class='ocrx_word' id='word_1_22' title='bbox 1373 639 1867 728; x_wconf 82' lang='lat' dir='ltr'><strong>perturbantur,</strong></span> <span class='ocrx_word' id='word_1_23' title='bbox 1898 639 2012 706; x_wconf 87' lang='lat' dir='ltr'>sed</span> <span class='ocrx_word' id='word_1_24' title='bbox 2055 640 2258 706; x_wconf 90' lang='lat' dir='ltr'>etiam</span> <span class='ocrx_word' id='word_1_25' title='bbox 2299 662 2436 707; x_wconf 90' lang='lat' dir='ltr'>cor-</span> 
     </span>
     <span class='ocr_line' id='line_1_4' title="bbox 417 742 2431 831; baseline -0 -22"><span class='ocrx_word' id='word_1_26' title='bbox 417 764 598 830; x_wconf 89' lang='lat' dir='ltr'>pora.</span> <span class='ocrx_word' id='word_1_27' title='bbox 687 742 873 809; x_wconf 82' lang='lat' dir='ltr'>Licet</span> <span class='ocrx_word' id='word_1_28' title='bbox 901 763 1015 809; x_wconf 87' lang='lat' dir='ltr'>ora</span> <span class='ocrx_word' id='word_1_29' title='bbox 1048 742 1191 831; x_wconf 88' lang='lat' dir='ltr'>ipsa</span> <span class='ocrx_word' id='word_1_30' title='bbox 1225 764 1496 809; x_wconf 89' lang='lat' dir='ltr'>cernere</span> <span class='ocrx_word' id='word_1_31' title='bbox 1529 743 1850 808; x_wconf 89' lang='lat' dir='ltr'>iratorum</span> <span class='ocrx_word' id='word_1_32' title='bbox 1884 749 1999 808; x_wconf 87' lang='lat' dir='ltr'>aut</span> <span class='ocrx_word' id='word_1_33' title='bbox 2032 763 2284 827; x_wconf 87' lang='lat' dir='ltr'>eorum,</span> <span class='ocrx_word' id='word_1_34' title='bbox 2315 742 2431 830; x_wconf 89' lang='lat' dir='ltr'>qui</span> 
     </span>
     <span class='ocr_line' id='line_1_5' title="bbox 419 843 2433 933; baseline -0 -23"><span class='ocrx_word' id='word_1_35' title='bbox 419 851 536 910; x_wconf 88' lang='lat' dir='ltr'>aut</span> <span class='ocrx_word' id='word_1_36' title='bbox 563 843 865 911; x_wconf 82' lang='lat' dir='ltr'>lubidine</span> <span class='ocrx_word' id='word_1_37' title='bbox 894 843 1116 931; x_wconf 88' lang='lat' dir='ltr'>aliqua</span> <span class='ocrx_word' id='word_1_38' title='bbox 1144 852 1260 912; x_wconf 88' lang='lat' dir='ltr'>aut</span> <span class='ocrx_word' id='word_1_39' title='bbox 1294 853 1480 911; x_wconf 89' lang='lat' dir='ltr'>metu</span> <span class='ocrx_word' id='word_1_40' title='bbox 1516 844 2024 912; x_wconf 86' lang='lat' dir='ltr'>commoti-sunt</span> <span class='ocrx_word' id='word_1_41' title='bbox 2058 852 2174 912; x_wconf 87' lang='lat' dir='ltr'>aut</span> <span class='ocrx_word' id='word_1_42' title='bbox 2208 844 2433 933; x_wconf 78' lang='lat' dir='ltr'>volup-</span> 
     </span>
    </p>

    <p class='ocr_par' dir='ltr' id='par_1_3' title="bbox 375 945 2572 1447">
     <span class='ocr_line' id='line_1_6' title="bbox 375 945 2435 1035; baseline -0.001 -21"><span class='ocrx_word' id='word_1_43' title='bbox 375 954 556 1014; x_wconf 73' lang='lat' dir='ltr'>5tate</span> <span class='ocrx_word' id='word_1_44' title='bbox 605 946 814 1012; x_wconf 88' lang='lat' dir='ltr'>nimia</span> <span class='ocrx_word' id='word_1_45' title='bbox 861 945 1200 1033; x_wconf 81' lang='lat' dir='ltr'>gestiunt3</span> <span class='ocrx_word' id='word_1_46' title='bbox 1244 968 1529 1035; x_wconf 88' lang='lat' dir='ltr'>quorum</span> <span class='ocrx_word' id='word_1_47' title='bbox 1581 946 1883 1013; x_wconf 88' lang='lat' dir='ltr'>omnium</span> <span class='ocrx_word' id='word_1_48' title='bbox 1935 947 2176 1030; x_wconf 81' lang='lat' dir='ltr'>voltus,</span> <span class='ocrx_word' id='word_1_49' title='bbox 2221 954 2435 1031; x_wconf 80' lang='lat' dir='ltr'>voces,</span> 
     </span>
     <span class='ocr_line' id='line_1_7' title="bbox 421 1047 2572 1136; baseline -0.003 -22"><span class='ocrx_word' id='word_1_50' title='bbox 421 1055 642 1115; x_wconf 85' lang='lat' dir='ltr'>motus</span> <span class='ocrx_word' id='word_1_51' title='bbox 674 1055 1014 1136; x_wconf 88' lang='lat' dir='ltr'>statusque</span> <span class='ocrx_word' id='word_1_52' title='bbox 1044 1056 1407 1116; x_wconf 86' lang='lat' dir='ltr'>mutantur.</span> <span class='ocrx_word' id='word_1_53' title='bbox 1494 1047 1599 1116; x_wconf 82' lang='lat' dir='ltr'>Ex</span> <span class='ocrx_word' id='word_1_54' title='bbox 1636 1049 1878 1136; x_wconf 86' lang='lat' dir='ltr'>quibus</span> <span class='ocrx_word' id='word_1_55' title='bbox 1911 1048 2079 1114; x_wconf 90' lang='lat' dir='ltr'>illud</span> <span class='ocrx_word' id='word_1_56' title='bbox 2114 1048 2437 1136; x_wconf 86' lang='lat' dir='ltr'>intellegi·</span> <span class='ocrx_word' id='word_1_57' title='bbox 2457 1055 2572 1110; x_wconf 83' lang='lat'>103</span> 
     </span>
     <span class='ocr_line' id='line_1_8' title="bbox 420 1139 2441 1238; baseline 0 -21"><span class='ocrx_word' id='word_1_58' title='bbox 420 1159 553 1235; x_wconf 78' lang='lat' dir='ltr'>tur,</span> <span class='ocrx_word' id='word_1_59' title='bbox 580 1159 660 1217; x_wconf 92' lang='lat' dir='ltr'>ut</span> <span class='ocrx_word' id='word_1_60' title='bbox 702 1151 785 1218; x_wconf 87' lang='lat' dir='ltr'>ad</span> <span class='ocrx_word' id='word_1_61' title='bbox 821 1150 1020 1218; x_wconf 88' lang='lat' dir='ltr'>officii</span> <span class='ocrx_word' id='word_1_62' title='bbox 1063 1151 1348 1218; x_wconf 86' lang='lat' dir='ltr'>formam</span> <span class='ocrx_word' id='word_1_63' title='bbox 1385 1160 1815 1233; x_wconf 86' lang='lat' dir='ltr'>revertamur,</span> <span class='ocrx_word' id='word_1_64' title='bbox 1851 1139 2183 1238; x_wconf 71' lang='lat' dir='ltr'>appetitus</span> <span class='ocrx_word' id='word_1_65' title='bbox 2212 1172 2441 1217; x_wconf 89' lang='lat' dir='ltr'>omnes</span> 
     </span>
     <span class='ocr_line' id='line_1_9' title="bbox 421 1255 2441 1345; baseline 0.001 -23"><span class='ocrx_word' id='word_1_66' title='bbox 421 1255 902 1324; x_wconf 85' lang='lat' dir='ltr'>contrahendos</span> <span class='ocrx_word' id='word_1_67' title='bbox 931 1256 1381 1345; x_wconf 83' lang='lat' dir='ltr'><strong>sedandosque</strong></span> <span class='ocrx_word' id='word_1_68' title='bbox 1409 1279 1549 1323; x_wconf 88' lang='lat' dir='ltr'>esse</span> <span class='ocrx_word' id='word_1_69' title='bbox 1578 1255 2125 1344; x_wconf 78' lang='lat' dir='ltr'>excitandamque</span> <span class='ocrx_word' id='word_1_70' title='bbox 2152 1256 2441 1324; x_wconf 55' lang='lat' dir='ltr'>animad*</span> 
     </span>
     <span class='ocr_line' id='line_1_10' title="bbox 420 1351 2438 1447; baseline 0 -24"><span class='ocrx_word' id='word_1_71' title='bbox 420 1351 795 1425; x_wconf 80' lang='lat' dir='ltr'>versionem</span> <span class='ocrx_word' id='word_1_72' title='bbox 815 1365 884 1425; x_wconf 90' lang='lat' dir='ltr'>et</span> <span class='ocrx_word' id='word_1_73' title='bbox 907 1358 1345 1447; x_wconf 86' lang='lat' dir='ltr'>diligentiam,</span> <span class='ocrx_word' id='word_1_74' title='bbox 1367 1366 1448 1424; x_wconf 88' lang='lat' dir='ltr'>ut</span> <span class='ocrx_word' id='word_1_75' title='bbox 1476 1381 1561 1424; x_wconf 91' lang='lat' dir='ltr'>ne</span> <span class='ocrx_word' id='word_1_76' title='bbox 1583 1357 1747 1445; x_wconf 87' lang='lat' dir='ltr'>quid</span> <span class='ocrx_word' id='word_1_77' title='bbox 1771 1365 2018 1424; x_wconf 85' lang='lat' dir='ltr'>temere</span> <span class='ocrx_word' id='word_1_78' title='bbox 2043 1357 2438 1442; x_wconf 75' lang='lat' dir='ltr'>acfort&#39;uito,</span> 
     </span>
    </p>

    <p class='ocr_par' dir='ltr' id='par_1_4' title="bbox 350 1455 2443 1858">
     <span class='ocr_line' id='line_1_11' title="bbox 350 1455 2442 1549; baseline 0 -23"><span class='ocrx_word' id='word_1_79' title='bbox 350 1485 405 1526; x_wconf 84' lang='grc' dir='ltr'>ιο</span> <span class='ocrx_word' id='word_1_80' title='bbox 420 1455 900 1528; x_wconf 83' lang='lat' dir='ltr'>inconsiderate</span> <span class='ocrx_word' id='word_1_81' title='bbox 923 1459 1480 1549; x_wconf 77' lang='lat' dir='ltr'>neglegenterque</span> <span class='ocrx_word' id='word_1_82' title='bbox 1509 1481 1800 1548; x_wconf 77' lang='lat' dir='ltr'>agamus,</span> <span class='ocrx_word' id='word_1_83' title='bbox 1866 1458 2110 1548; x_wconf 86' lang='lat' dir='ltr'>Neque</span> <span class='ocrx_word' id='word_1_84' title='bbox 2137 1459 2317 1526; x_wconf 91' lang='lat' dir='ltr'>enim</span> <span class='ocrx_word' id='word_1_85' title='bbox 2346 1461 2442 1527; x_wconf 81' lang='lat' dir='ltr'>ita</span> 
     </span>
     <span class='ocr_line' id='line_1_12' title="bbox 420 1563 2443 1650; baseline 0 -21"><span class='ocrx_word' id='word_1_86' title='bbox 420 1563 718 1650; x_wconf 88' lang='lat' dir='ltr'>generati</span> <span class='ocrx_word' id='word_1_87' title='bbox 751 1586 793 1629; x_wconf 86' lang='lat' dir='ltr'>a</span> <span class='ocrx_word' id='word_1_88' title='bbox 826 1572 1062 1630; x_wconf 88' lang='lat' dir='ltr'>natura</span> <span class='ocrx_word' id='word_1_89' title='bbox 1103 1586 1348 1648; x_wconf 86' lang='lat' dir='ltr'>sumus,</span> <span class='ocrx_word' id='word_1_90' title='bbox 1395 1563 1472 1631; x_wconf 82' lang='lat' dir='ltr'>ut</span> <span class='ocrx_word' id='word_1_91' title='bbox 1513 1563 1598 1630; x_wconf 85' lang='lat' dir='ltr'>ad</span> <span class='ocrx_word' id='word_1_92' title='bbox 1640 1563 1874 1629; x_wconf 88' lang='lat' dir='ltr'>ludum</span> <span class='ocrx_word' id='word_1_93' title='bbox 1903 1572 1973 1629; x_wconf 89' lang='lat' dir='ltr'>et</span> <span class='ocrx_word' id='word_1_94' title='bbox 2010 1563 2235 1648; x_wconf 79' lang='lat' dir='ltr'>iocum</span> <span class='ocrx_word' id='word_1_95' title='bbox 2278 1563 2443 1630; x_wconf 82' lang='lat' dir='ltr'>:facti</span> 
     </span>
     <span class='ocr_line' id='line_1_13' title="bbox 415 1666 2440 1754; baseline 0 -23"><span class='ocrx_word' id='word_1_96' title='bbox 415 1687 562 1732; x_wconf 87' lang='lat' dir='ltr'>esse</span> <span class='ocrx_word' id='word_1_97' title='bbox 609 1666 972 1750; x_wconf 86' lang='lat' dir='ltr'>videamur,</span> <span class='ocrx_word' id='word_1_98' title='bbox 1002 1667 1083 1733; x_wconf 91' lang='lat' dir='ltr'>ad</span> <span class='ocrx_word' id='word_1_99' title='bbox 1135 1667 1555 1734; x_wconf 86' lang='lat' dir='ltr'>severitatem</span> <span class='ocrx_word' id='word_1_100' title='bbox 1603 1666 1826 1753; x_wconf 89' lang='lat' dir='ltr'>potius</span> <span class='ocrx_word' id='word_1_101' title='bbox 1871 1672 1941 1732; x_wconf 94' lang='lat' dir='ltr'>et</span> <span class='ocrx_word' id='word_1_102' title='bbox 1986 1666 2071 1733; x_wconf 87' lang='lat' dir='ltr'>ad</span> <span class='ocrx_word' id='word_1_103' title='bbox 2118 1666 2440 1754; x_wconf 81' lang='lat' dir='ltr'>quaedam</span> 
     </span>
     <span class='ocr_line' id='line_1_14' title="bbox 421 1768 2436 1858; baseline 0.001 -26"><span class='ocrx_word' id='word_1_104' title='bbox 421 1768 638 1834; x_wconf 87' lang='lat' dir='ltr'>studia</span> <span class='ocrx_word' id='word_1_105' title='bbox 664 1769 968 1856; x_wconf 86' lang='lat' dir='ltr'>graviora</span> <span class='ocrx_word' id='word_1_106' title='bbox 996 1777 1197 1858; x_wconf 89' lang='lat' dir='ltr'>atque</span> <span class='ocrx_word' id='word_1_107' title='bbox 1228 1770 1495 1836; x_wconf 88' lang='lat' dir='ltr'>maiora.</span> <span class='ocrx_word' id='word_1_108' title='bbox 1584 1768 1775 1836; x_wconf 88' lang='lat' dir='ltr'>Ludo</span> <span class='ocrx_word' id='word_1_109' title='bbox 1810 1775 2032 1836; x_wconf 88' lang='lat' dir='ltr'>autem</span> <span class='ocrx_word' id='word_1_110' title='bbox 2062 1777 2133 1835; x_wconf 90' lang='lat' dir='ltr'>et</span> <span class='ocrx_word' id='word_1_111' title='bbox 2165 1769 2309 1836; x_wconf 89' lang='lat' dir='ltr'>ioco</span> <span class='ocrx_word' id='word_1_112' title='bbox 2340 1768 2436 1835; x_wconf 87' lang='lat' dir='ltr'>uti</span> 
     </span>
    </p>

    <p class='ocr_par' dir='ltr' id='par_1_5' title="bbox 353 1870 2441 1958">
     <span class='ocr_line' id='line_1_15' title="bbox 353 1870 2441 1958; baseline 0.002 -24"><span class='ocrx_word' id='word_1_113' title='bbox 353 1871 358 1876; x_wconf 82' lang='lat'>&#39;</span> <span class='ocrx_word' id='word_1_114' title='bbox 421 1870 540 1936; x_wconf 91' lang='lat' dir='ltr'>illo</span> <span class='ocrx_word' id='word_1_115' title='bbox 568 1870 839 1957; x_wconf 87' lang='lat' dir='ltr'>quidem</span> <span class='ocrx_word' id='word_1_116' title='bbox 874 1871 1049 1954; x_wconf 90' lang='lat' dir='ltr'>licet,</span> <span class='ocrx_word' id='word_1_117' title='bbox 1083 1871 1198 1938; x_wconf 83' lang='lat' dir='ltr'>sed</span> <span class='ocrx_word' id='word_1_118' title='bbox 1235 1872 1406 1937; x_wconf 90' lang='lat' dir='ltr'>sicut</span> <span class='ocrx_word' id='word_1_119' title='bbox 1448 1892 1680 1937; x_wconf 89' lang='lat' dir='ltr'>somno</span> <span class='ocrx_word' id='word_1_120' title='bbox 1724 1870 2173 1958; x_wconf 79' lang='lat' dir='ltr'>et&#39;quietibus</span> <span class='ocrx_word' id='word_1_121' title='bbox 2205 1871 2441 1938; x_wconf 87' lang='lat' dir='ltr'>ceteris</span> 
     </span>
    </p>

    <p class='ocr_par' dir='ltr' id='par_1_6' title="bbox 354 1973 2554 2062">
     <span class='ocr_line' id='line_1_16' title="bbox 354 1973 2554 2062; baseline 0.005 -28"><span class='ocrx_word' id='word_1_122' title='bbox 354 1979 590 2056; x_wconf 75' lang='lat' dir='ltr'>ustum,</span> <span class='ocrx_word' id='word_1_123' title='bbox 642 1994 793 2040; x_wconf 87' lang='lat' dir='ltr'>cum</span> <span class='ocrx_word' id='word_1_124' title='bbox 843 1973 1156 2062; x_wconf 83' lang='lat' dir='ltr'>gravibus</span> <span class='ocrx_word' id='word_1_125' title='bbox 1219 1974 1560 2061; x_wconf 80' lang='lat' dir='ltr'>seriisque</span> <span class='ocrx_word' id='word_1_126' title='bbox 1593 1973 1791 2040; x_wconf 88' lang='lat' dir='ltr'>rebus</span> <span class='ocrx_word' id='word_1_127' title='bbox 1846 1973 2003 2040; x_wconf 87' lang='lat' dir='ltr'>satis</span> <span class='ocrx_word' id='word_1_128' title='bbox 2061 1973 2436 2041; x_wconf 82' lang='lat' dir='ltr'>fecerimus.</span> <span class='ocrx_word' id='word_1_129' title='bbox 2538 1993 2554 2045; x_wconf 77' lang='grc' dir='ltr'>ἱ</span> 
     </span>
    </p>
   </div>
   <div class='ocr_carea' id='block_1_3' title="bbox 421 2071 2738 2196">
    <p class='ocr_par' dir='ltr' id='par_1_7' title="bbox 421 2071 2738 2196">
     <span class='ocr_line' id='line_1_17' title="bbox 421 2071 2738 2165; baseline 0.003 -26"><span class='ocrx_word' id='word_1_130' title='bbox 421 2072 786 2163; x_wconf 86' lang='lat' dir='ltr'>Ipsumque</span> <span class='ocrx_word' id='word_1_131' title='bbox 819 2073 1032 2163; x_wconf 82' lang='lat' dir='ltr'>genus</span> <span class='ocrx_word' id='word_1_132' title='bbox 1067 2075 1327 2144; x_wconf 88' lang='lat' dir='ltr'>iocandi</span> <span class='ocrx_word' id='word_1_133' title='bbox 1361 2077 1498 2142; x_wconf 74' lang='lat' dir='ltr'>&#39;non</span> <span class='ocrx_word' id='word_1_134' title='bbox 1545 2075 1895 2165; x_wconf 81' lang='lat' dir='ltr'>profusum</span> <span class='ocrx_word' id='word_1_135' title='bbox 1927 2097 2053 2143; x_wconf 87' lang='lat' dir='ltr'>nec</span> <span class='ocrx_word' id='word_1_136' title='bbox 2094 2075 2441 2142; x_wconf 85' lang='lat' dir='ltr'>immodes-</span> <span class='ocrx_word' id='word_1_137' title='bbox 2460 2115 2518 2164; x_wconf 49' lang='grc' dir='ltr'><em>μ</em></span> <span class='ocrx_word' id='word_1_138' title='bbox 2552 2071 2596 2157; x_wconf 49' lang='lat' dir='ltr'>s*</span> <span class='ocrx_word' id='word_1_139' title='bbox 2628 2092 2680 2145; x_wconf 60' lang='lat'>”5</span> <span class='ocrx_word' id='word_1_140' title='bbox 2715 2080 2738 2093; x_wconf 74' lang='grc'>”“</span> 
     </span>
     <span class='ocr_line' id='line_1_18' title="bbox 2549 2162 2640 2196; baseline 0 -25"><span class='ocrx_word' id='word_1_141' title='bbox 2549 2170 2596 2196; x_wconf 37' lang='grc' dir='ltr'>ζ,</span> <span class='ocrx_word' id='word_1_142' title='bbox 2634 2162 2640 2171; x_wconf 91' lang='grc'>.</span> 
     </span>
    </p>
   </div>
   <div class='ocr_carea' id='block_1_4' title="bbox 352 2177 2605 3690">
    <p class='ocr_par' dir='ltr' id='par_1_8' title="bbox 352 2177 2605 3690">
     <span class='ocr_line' id='line_1_19' title="bbox 423 2177 2438 2266; baseline 0.001 -25"><span class='ocrx_word' id='word_1_143' title='bbox 423 2183 589 2260; x_wconf 89' lang='lat' dir='ltr'>tum,</span> <span class='ocrx_word' id='word_1_144' title='bbox 625 2178 742 2244; x_wconf 83' lang='lat' dir='ltr'>sed</span> <span class='ocrx_word' id='word_1_145' title='bbox 778 2177 1148 2266; x_wconf 79' lang='lat' dir='ltr'>ingenuum</span> <span class='ocrx_word' id='word_1_146' title='bbox 1183 2185 1253 2244; x_wconf 93' lang='lat' dir='ltr'>et</span> <span class='ocrx_word' id='word_1_147' title='bbox 1286 2177 1579 2262; x_wconf 56' lang='lat' dir='ltr'>facetum</span> <span class='ocrx_word' id='word_1_148' title='bbox 1625 2199 1765 2244; x_wconf 85' lang='lat' dir='ltr'>esse</span> <span class='ocrx_word' id='word_1_149' title='bbox 1808 2178 2027 2245; x_wconf 89' lang='lat' dir='ltr'>debet.</span> <span class='ocrx_word' id='word_1_150' title='bbox 2115 2177 2214 2245; x_wconf 87' lang='lat' dir='ltr'>Ut</span> <span class='ocrx_word' id='word_1_151' title='bbox 2256 2179 2438 2244; x_wconf 88' lang='lat' dir='ltr'>enim</span> 
     </span>
     <span class='ocr_line' id='line_1_20' title="bbox 422 2262 2439 2366; baseline 0.001 -22"><span class='ocrx_word' id='word_1_152' title='bbox 422 2279 646 2366; x_wconf 87' lang='lat' dir='ltr'>pueris</span> <span class='ocrx_word' id='word_1_153' title='bbox 675 2301 810 2345; x_wconf 90' lang='lat' dir='ltr'>nou</span> <span class='ocrx_word' id='word_1_154' title='bbox 847 2262 1116 2346; x_wconf 58' lang='lat' dir='ltr'>omnem</span> <span class='ocrx_word' id='word_1_155' title='bbox 1149 2279 1426 2347; x_wconf 87' lang='lat' dir='ltr'>ludendi</span> <span class='ocrx_word' id='word_1_156' title='bbox 1461 2279 1797 2346; x_wconf 88' lang='lat' dir='ltr'>licentiam</span> <span class='ocrx_word' id='word_1_157' title='bbox 1834 2279 2086 2362; x_wconf 75' lang='lat' dir='ltr'>damae,</span> <span class='ocrx_word' id='word_1_158' title='bbox 2120 2279 2237 2346; x_wconf 89' lang='lat' dir='ltr'>sed</span> <span class='ocrx_word' id='word_1_159' title='bbox 2271 2301 2439 2362; x_wconf 87' lang='lat' dir='ltr'>eam,</span> 
     </span>
     <span class='ocr_line' id='line_1_21' title="bbox 423 2381 2439 2468; baseline 0.001 -21"><span class='ocrx_word' id='word_1_160' title='bbox 423 2402 590 2467; x_wconf 88' lang='lat' dir='ltr'>quae</span> <span class='ocrx_word' id='word_1_161' title='bbox 620 2383 705 2448; x_wconf 90' lang='lat' dir='ltr'>ab</span> <span class='ocrx_word' id='word_1_162' title='bbox 733 2381 1098 2449; x_wconf 83' lang='lat' dir='ltr'>honestatis</span> <span class='ocrx_word' id='word_1_163' title='bbox 1124 2383 1497 2450; x_wconf 87' lang='lat' dir='ltr'>actionibus</span> <span class='ocrx_word' id='word_1_164' title='bbox 1526 2404 1659 2465; x_wconf 85' lang='lat' dir='ltr'>non</span> <span class='ocrx_word' id='word_1_165' title='bbox 1690 2383 1787 2448; x_wconf 84' lang='lat' dir='ltr'>sit</span> <span class='ocrx_word' id='word_1_166' title='bbox 1806 2381 2042 2464; x_wconf 88' lang='lat' dir='ltr'>aliena,</span> <span class='ocrx_word' id='word_1_167' title='bbox 2072 2381 2166 2447; x_wconf 85' lang='lat' dir='ltr'>sic</span> <span class='ocrx_word' id='word_1_168' title='bbox 2194 2382 2264 2446; x_wconf 91' lang='lat' dir='ltr'>in</span> <span class='ocrx_word' id='word_1_169' title='bbox 2294 2383 2439 2468; x_wconf 89' lang='lat' dir='ltr'>ipso</span> 
     </span>
     <span class='ocr_line' id='line_1_22' title="bbox 352 2481 2575 2573; baseline -0.001 -23"><span class='ocrx_word' id='word_1_170' title='bbox 352 2509 408 2550; x_wconf 61' lang='grc' dir='ltr'>πο</span> <span class='ocrx_word' id='word_1_171' title='bbox 425 2485 571 2550; x_wconf 90' lang='lat' dir='ltr'>ioco</span> <span class='ocrx_word' id='word_1_172' title='bbox 600 2483 867 2572; x_wconf 88' lang='lat' dir='ltr'>aliquod</span> <span class='ocrx_word' id='word_1_173' title='bbox 897 2485 1091 2572; x_wconf 86' lang='lat' dir='ltr'>probi</span> <span class='ocrx_word' id='word_1_174' title='bbox 1118 2485 1375 2573; x_wconf 89' lang='lat' dir='ltr'>ingenii</span> <span class='ocrx_word' id='word_1_175' title='bbox 1403 2484 1631 2551; x_wconf 89' lang='lat' dir='ltr'>lumen</span> <span class='ocrx_word' id='word_1_176' title='bbox 1660 2484 1936 2551; x_wconf 86' lang='lat' dir='ltr'>eluceat.</span> <span class='ocrx_word' id='word_1_177' title='bbox 2002 2481 2278 2570; x_wconf 87' lang='lat' dir='ltr'>Duplex</span> <span class='ocrx_word' id='word_1_178' title='bbox 2307 2505 2435 2548; x_wconf 90' lang='lat' dir='ltr'>om·</span> <span class='ocrx_word' id='word_1_179' title='bbox 2459 2493 2575 2548; x_wconf 83' lang='lat'>104</span> 
     </span>
     <span class='ocr_line' id='line_1_23' title="bbox 423 2583 2442 2675; baseline -0 -25"><span class='ocrx_word' id='word_1_180' title='bbox 423 2585 584 2653; x_wconf 90' lang='lat' dir='ltr'>nino</span> <span class='ocrx_word' id='word_1_181' title='bbox 612 2593 716 2652; x_wconf 88' lang='lat' dir='ltr'>est</span> <span class='ocrx_word' id='word_1_182' title='bbox 749 2586 1007 2654; x_wconf 86' lang='lat' dir='ltr'>iocandi</span> <span class='ocrx_word' id='word_1_183' title='bbox 1036 2608 1268 2675; x_wconf 86' lang='lat' dir='ltr'>genus,</span> <span class='ocrx_word' id='word_1_184' title='bbox 1293 2608 1509 2652; x_wconf 87' lang='lat' dir='ltr'>unum</span> <span class='ocrx_word' id='word_1_185' title='bbox 1532 2584 1896 2668; x_wconf 86' lang='lat' dir='ltr'>inliberale‚</span> <span class='ocrx_word' id='word_1_186' title='bbox 1920 2583 2245 2671; x_wconf 89' lang='lat' dir='ltr'>petulans,</span> <span class='ocrx_word' id='word_1_187' title='bbox 2263 2583 2442 2671; x_wconf 89' lang='lat' dir='ltr'>flagi-</span> 
     </span>
     <span class='ocr_line' id='line_1_24' title="bbox 423 2688 2441 2777; baseline 0 -24"><span class='ocrx_word' id='word_1_188' title='bbox 423 2689 690 2773; x_wconf 82' lang='lat' dir='ltr'>tiosum,&#39;</span> <span class='ocrx_word' id='word_1_189' title='bbox 719 2690 1098 2772; x_wconf 89' lang='lat' dir='ltr'>obscenum,</span> <span class='ocrx_word' id='word_1_190' title='bbox 1129 2690 1414 2756; x_wconf 88' lang='lat' dir='ltr'>alterum</span> <span class='ocrx_word' id='word_1_191' title='bbox 1450 2688 1733 2777; x_wconf 88' lang='lat' dir='ltr'>elegans,</span> <span class='ocrx_word' id='word_1_192' title='bbox 1765 2688 2112 2772; x_wconf 86' lang='lat' dir='ltr'>urban-um,</span> <span class='ocrx_word' id='word_1_193' title='bbox 2149 2688 2441 2776; x_wconf 89' lang='lat' dir='ltr'>ingenio-</span> 
     </span>
     <span class='ocr_line' id='line_1_25' title="bbox 421 2789 2442 2880; baseline 0 -25"><span class='ocrx_word' id='word_1_194' title='bbox 421 2811 592 2874; x_wconf 90' lang='lat' dir='ltr'>sum,</span> <span class='ocrx_word' id='word_1_195' title='bbox 627 2791 942 2858; x_wconf 85' lang='lat' dir='ltr'>facetum.</span> <span class='ocrx_word' id='word_1_196' title='bbox 1031 2791 1184 2870; x_wconf 81' lang='lat' dir='ltr'>Quo</span> <span class='ocrx_word' id='word_1_197' title='bbox 1218 2805 1630 2880; x_wconf 74' lang='lat' dir='ltr'>genere‘non</span> <span class='ocrx_word' id='word_1_198' title='bbox 1668 2790 1881 2858; x_wconf 74' lang='lat' dir='ltr'>modo&#39;</span> <span class='ocrx_word' id='word_1_199' title='bbox 1902 2789 2183 2858; x_wconf 88' lang='lat' dir='ltr'>Plautus</span> <span class='ocrx_word' id='word_1_200' title='bbox 2215 2800 2442 2858; x_wconf 87' lang='lat' dir='ltr'>noster</span> 
     </span>
     <span class='ocr_line' id='line_1_26' title="bbox 424 2893 2440 2982; baseline 0.001 -24"><span class='ocrx_word' id='word_1_201' title='bbox 424 2899 494 2958; x_wconf 86' lang='lat' dir='ltr'>et</span> <span class='ocrx_word' id='word_1_202' title='bbox 522 2893 902 2959; x_wconf 87' lang='lat' dir='ltr'>Atticorum</span> <span class='ocrx_word' id='word_1_203' title='bbox 940 2894 1214 2981; x_wconf 88' lang='lat' dir='ltr'>antiqua</span> <span class='ocrx_word' id='word_1_204' title='bbox 1249 2894 1984 2978; x_wconf 76' lang='lat' dir='ltr'>comoedia,&#39;sed‘etiam</span> <span class='ocrx_word' id='word_1_205' title='bbox 2019 2893 2440 2982; x_wconf 89' lang='lat' dir='ltr'>philosopho-</span> 
     </span>
     <span class='ocr_line' id='line_1_27' title="bbox 355 2995 2547 3085; baseline 0.006 -28"><span class='ocrx_word' id='word_1_206' title='bbox 355 3010 572 3059; x_wconf 68' lang='lat' dir='ltr'>asrum</span> <span class='ocrx_word' id='word_1_207' title='bbox 613 2995 1095 3063; x_wconf 82' lang='lat' dir='ltr'>Socraticorum</span> <span class='ocrx_word' id='word_1_208' title='bbox 1140 2995 1296 3063; x_wconf 86' lang='lat' dir='ltr'>libri</span> <span class='ocrx_word' id='word_1_209' title='bbox 1337 2996 1574 3064; x_wconf 79' lang='lat' dir='ltr'>referti</span> <span class='ocrx_word' id='word_1_210' title='bbox 1620 3007 1794 3082; x_wconf 89' lang='lat' dir='ltr'>sunt,</span> <span class='ocrx_word' id='word_1_211' title='bbox 1826 2996 2167 3085; x_wconf 88' lang='lat' dir='ltr'>multaque</span> <span class='ocrx_word' id='word_1_212' title='bbox 2204 2997 2458 3068; x_wconf 88' lang='lat' dir='ltr'>multo·.</span> <span class='ocrx_word' id='word_1_213' title='bbox 2534 3020 2547 3069; x_wconf 87' lang='grc'>.·</span> 
     </span>
     <span class='ocr_line' id='line_1_28' title="bbox 409 3093 2605 3197; baseline 0.003 -37"><span class='ocrx_word' id='word_1_214' title='bbox 409 3118 572 3161; x_wconf 80' lang='lat' dir='ltr'>rum</span> <span class='ocrx_word' id='word_1_215' title='bbox 615 3096 834 3164; x_wconf 82' lang='lat' dir='ltr'>facete</span> <span class='ocrx_word' id='word_1_216' title='bbox 877 3098 1073 3181; x_wconf 87' lang='lat' dir='ltr'>dicta,</span> <span class='ocrx_word' id='word_1_217' title='bbox 1120 3106 1197 3165; x_wconf 91' lang='lat' dir='ltr'>ut</span> <span class='ocrx_word' id='word_1_218' title='bbox 1240 3093 1336 3182; x_wconf 85' lang='lat' dir='ltr'>ea,</span> <span class='ocrx_word' id='word_1_219' title='bbox 1373 3121 1541 3187; x_wconf 87' lang='lat' dir='ltr'>quae</span> <span class='ocrx_word' id='word_1_220' title='bbox 1584 3122 1624 3165; x_wconf 88' lang='lat' dir='ltr'>a</span> <span class='ocrx_word' id='word_1_221' title='bbox 1667 3103 1823 3166; x_wconf 81' lang='lat' dir='ltr'>&#39;senc</span> <span class='ocrx_word' id='word_1_222' title='bbox 1868 3099 2122 3166; x_wconf 78' lang='lat' dir='ltr'>Catone</span> <span class='ocrx_word' id='word_1_223' title='bbox 2168 3098 2441 3166; x_wconf 75' lang='lat' dir='ltr'>collecta</span> <span class='ocrx_word' id='word_1_224' title='bbox 2463 3131 2557 3197; x_wconf 34' lang='grc' dir='ltr'>ὴ,</span> <span class='ocrx_word' id='word_1_225' title='bbox 2600 3159 2605 3166; x_wconf 94' lang='grc'><em>.</em></span> 
     </span>
     <span class='ocr_line' id='line_1_29' title="bbox 403 3199 2442 3294; baseline 0.002 -32"><span class='ocrx_word' id='word_1_226' title='bbox 403 3206 598 3280; x_wconf 79' lang='lat' dir='ltr'>sunt,</span> <span class='ocrx_word' id='word_1_227' title='bbox 630 3220 800 3285; x_wconf 87' lang='lat' dir='ltr'>quae</span> <span class='ocrx_word' id='word_1_228' title='bbox 828 3207 1068 3267; x_wconf 82' lang='lat' dir='ltr'>vocant</span> <span class='ocrx_word' id='word_1_229' title='bbox 1098 3199 1571 3294; x_wconf 54' lang='lat' dir='ltr'>dwopffiyuara.</span> <span class='ocrx_word' id='word_1_230' title='bbox 1660 3200 1901 3267; x_wconf 89' lang='lat' dir='ltr'>Facilis</span> <span class='ocrx_word' id='word_1_231' title='bbox 1933 3201 2146 3286; x_wconf 85' lang='lat' dir='ltr'>igitur</span> <span class='ocrx_word' id='word_1_232' title='bbox 2180 3208 2281 3266; x_wconf 85' lang='lat' dir='ltr'>est</span> <span class='ocrx_word' id='word_1_233' title='bbox 2315 3200 2442 3266; x_wconf 89' lang='lat' dir='ltr'>dis-</span> 
     </span>
     <span class='ocr_line' id='line_1_30' title="bbox 356 3299 2440 3388; baseline 0.001 -25"><span class='ocrx_word' id='word_1_234' title='bbox 356 3312 361 3317; x_wconf 76' lang='lat'><strong>·</strong></span> <span class='ocrx_word' id='word_1_235' title='bbox 403 3299 657 3366; x_wconf 70' lang='lat' dir='ltr'>tinctio</span> <span class='ocrx_word' id='word_1_236' title='bbox 685 3301 962 3388; x_wconf 86' lang='lat' dir='ltr'>ingenui</span> <span class='ocrx_word' id='word_1_237' title='bbox 992 3310 1061 3368; x_wconf 91' lang='lat' dir='ltr'>et</span> <span class='ocrx_word' id='word_1_238' title='bbox 1082 3301 1443 3370; x_wconf 86' lang='lat' dir='ltr'>inliberalis</span> <span class='ocrx_word' id='word_1_239' title='bbox 1472 3303 1620 3370; x_wconf 89' lang='lat' dir='ltr'>ioci.</span> <span class='ocrx_word' id='word_1_240' title='bbox 1693 3301 1893 3368; x_wconf 91' lang='lat' dir='ltr'>Alter</span> <span class='ocrx_word' id='word_1_241' title='bbox 1913 3309 2032 3385; x_wconf 86' lang='lat' dir='ltr'>est,</span> <span class='ocrx_word' id='word_1_242' title='bbox 2056 3301 2112 3366; x_wconf 90' lang='lat' dir='ltr'>si</span> <span class='ocrx_word' id='word_1_243' title='bbox 2141 3307 2440 3386; x_wconf 87' lang='lat' dir='ltr'>tempore</span> 
     </span>
     <span class='ocr_line' id='line_1_31' title="bbox 422 3398 2443 3491; baseline 0.001 -27"><span class='ocrx_word' id='word_1_244' title='bbox 422 3398 534 3484; x_wconf 57' lang='lat' dir='ltr'>fit3</span> <span class='ocrx_word' id='word_1_245' title='bbox 544 3409 622 3465; x_wconf 91' lang='lat' dir='ltr'>ut</span> <span class='ocrx_word' id='word_1_246' title='bbox 641 3400 700 3466; x_wconf 89' lang='lat' dir='ltr'>si</span> <span class='ocrx_word' id='word_1_247' title='bbox 721 3403 993 3469; x_wconf 84' lang='lat' dir='ltr'>remisso</span> <span class='ocrx_word' id='word_1_248' title='bbox 1015 3404 1257 3487; x_wconf 89' lang='lat' dir='ltr'>anim0‚</span> <span class='ocrx_word' id='word_1_249' title='bbox 1279 3403 1676 3491; x_wconf 61' lang='lat' dir='ltr'>qravism’smo</span> <span class='ocrx_word' id='word_1_250' title='bbox 1696 3402 1967 3469; x_wconf 88' lang='lat' dir='ltr'>homine</span> <span class='ocrx_word' id='word_1_251' title='bbox 1987 3402 2252 3487; x_wconf 85' lang='lat' dir='ltr'>diguus,</span> <span class='ocrx_word' id='word_1_252' title='bbox 2268 3399 2443 3466; x_wconf 84' lang='lat' dir='ltr'>alter</span> 
     </span>
     <span class='ocr_line' id='line_1_32' title="bbox 355 3501 2441 3593; baseline 0.001 -27"><span class='ocrx_word' id='word_1_253' title='bbox 355 3523 510 3568; x_wconf 72' lang='lat' dir='ltr'>sone</span> <span class='ocrx_word' id='word_1_254' title='bbox 541 3501 752 3570; x_wconf 90' lang='lat' dir='ltr'>libero</span> <span class='ocrx_word' id='word_1_255' title='bbox 788 3505 1082 3593; x_wconf 89' lang='lat' dir='ltr'>quidem,</span> <span class='ocrx_word' id='word_1_256' title='bbox 1118 3506 1174 3571; x_wconf 87' lang='lat' dir='ltr'>si</span> <span class='ocrx_word' id='word_1_257' title='bbox 1209 3527 1428 3572; x_wconf 87' lang='lat' dir='ltr'>rerum</span> <span class='ocrx_word' id='word_1_258' title='bbox 1468 3504 1868 3592; x_wconf 86' lang='lat' dir='ltr'>turpitudini</span> <span class='ocrx_word' id='word_1_259' title='bbox 1904 3501 2258 3568; x_wconf 77' lang='lat' dir='ltr'>adhibetur</span> <span class='ocrx_word' id='word_1_260' title='bbox 2301 3523 2441 3568; x_wconf 84' lang='lat' dir='ltr'>ver·</span> 
     </span>
     <span class='ocr_line' id='line_1_33' title="bbox 424 3603 2440 3690; baseline 0 -21"><span class='ocrx_word' id='word_1_261' title='bbox 424 3605 658 3670; x_wconf 89' lang='lat' dir='ltr'>borum</span> <span class='ocrx_word' id='word_1_262' title='bbox 695 3606 1078 3673; x_wconf 85' lang='lat' dir='ltr'>obscenitas.</span> <span class='ocrx_word' id='word_1_263' title='bbox 1167 3607 1475 3674; x_wconf 88' lang='lat' dir='ltr'>Ludendi</span> <span class='ocrx_word' id='word_1_264' title='bbox 1508 3608 1707 3673; x_wconf 89' lang='lat' dir='ltr'>etiam</span> <span class='ocrx_word' id='word_1_265' title='bbox 1746 3611 1845 3671; x_wconf 89' lang='lat' dir='ltr'>est</span> <span class='ocrx_word' id='word_1_266' title='bbox 1888 3603 2158 3690; x_wconf 87' lang='lat' dir='ltr'>quidam</span> <span class='ocrx_word' id='word_1_267' title='bbox 2202 3603 2440 3670; x_wconf 83' lang='lat' dir='ltr'>modus</span> 
     </span>
    </p>
   </div>
   <div class='ocr_carea' id='block_1_5' title="bbox 423 3705 2439 3864">
    <p class='ocr_par' dir='ltr' id='par_1_9' title="bbox 423 3705 2439 3864">
     <span class='ocr_line' id='line_1_34' title="bbox 423 3705 2439 3797; baseline 0.001 -26"><span class='ocrx_word' id='word_1_268' title='bbox 423 3707 828 3794; x_wconf 85' lang='lat' dir='ltr'>retinendus,</span> <span class='ocrx_word' id='word_1_269' title='bbox 868 3717 943 3775; x_wconf 90' lang='lat' dir='ltr'>ut</span> <span class='ocrx_word' id='word_1_270' title='bbox 987 3731 1072 3777; x_wconf 89' lang='lat' dir='ltr'>ne</span> <span class='ocrx_word' id='word_1_271' title='bbox 1115 3710 1317 3776; x_wconf 87' lang='lat' dir='ltr'>nimis</span> <span class='ocrx_word' id='word_1_272' title='bbox 1358 3709 1585 3776; x_wconf 88' lang='lat' dir='ltr'>omnia</span> <span class='ocrx_word' id='word_1_273' title='bbox 1625 3706 2109 3797; x_wconf 88' lang='lat' dir='ltr'>profundamus</span> <span class='ocrx_word' id='word_1_274' title='bbox 2151 3705 2439 3796; x_wconf 85' lang='lat' dir='ltr'>elatique</span> 
     </span>
     <span class='ocr_line' id='line_1_35' title="bbox 1409 3803 1450 3864; baseline 0 0"><span class='ocrx_word' id='word_1_275' title='bbox 1409 3803 1450 3864; x_wconf 89' lang='lat'><strong>3</strong></span> 
     </span>
    </p>
   </div>
  </div>
 </body>
</html>
