2867 4334
1077 991 1360 1060 LIBER
1417 994 1840 1065 TERTIUS.

445 1320 451 1325 .
535 1254 616 1322 Ρ.
666 1254 1068 1342 Scipionem,
1115 1252 1213 1320 Μ.
1262 1253 1382 1338 fili,
1432 1276 1609 1338 eum,
1646 1256 1762 1341 qui
1807 1256 2061 1343 primus
2104 1233 2523 1324 Africanus1

447 1357 814 1446 appellatus
862 1364 983 1440 est,
1035 1357 1254 1424 dicere
1297 1357 1566 1423 solitum
1612 1359 1873 1444 scripsit
1925 1358 2113 1443 Oato,
2159 1360 2278 1447 qui
2330 1324 2516 1432 fuit1

449 1462 591 1526 eius
635 1460 776 1526 fere
820 1459 1130 1546 aequali8‚
1175 1481 1542 1547 numquam
1586 1481 1657 1526 se
1709 1461 1931 1528 minus
1976 1463 2260 1536 otiosum
2304 1484 2463 1546 esse,

449 1585 648 1651 quam
671 1584 832 1646 ‚cum
868 1551 1134 1647 otiosus,
1173 1583 1296 1629 nec
1331 1563 1552 1629 minus
1585 1562 1821 1646 solum,
1852 1585 2053 1649 quam
2098 1587 2250 1632 cum
2286 1565 2465 1634 solus

405 1674 634 1733 sesset.
723 1663 1083 1753 Magnifica
1125 1685 1285 1730 vero
1328 1686 1464 1731 vox
1499 1672 1568 1730 et
1604 1687 1845 1752 magno
1888 1667 2024 1733 viro
2060 1689 2135 1734 ac
2168 1669 2463 1755 sapiente

448 1768 685 1856 digna3
731 1789 899 1855 quae
929 1766 1216 1834 declarat
1249 1766 1445 1832 illum
1476 1776 1543 1833 et
1572 1767 1643 1832 iu
1680 1770 1817 1835 otio
1853 1768 1937 1835 de
1972 1771 2259 1858 negotiis
2293 1771 2465 1857 cogi-

447 1879 588 1938 tare
637 1880 706 1937 et
756 1871 828 1934 in
880 1869 1241 1936 solitudine
1292 1891 1516 1936 secum
1563 1868 1746 1956 loqui
1796 1871 2086 1956 solitum,
2128 1880 2204 1938 ut
2248 1894 2464 1960 neque

445 1982 724 2040 cessaret
763 1993 1083 2058 umquam
1127 1978 1196 2037 et
1238 1972 1576 2038 interdum
1619 1973 1970 2061 conloquio
2013 1974 2283 2042 alterius
2327 1997 2464 2044 non

447 2082 690 2164 egeret.
758 2073 865 2140 Ita
893 2074 1062 2140 duae
1093 2095 1214 2157 res,
1245 2095 1412 2161 quae
1443 2075 1827 2162 languorem
1860 2077 2175 2144 adferunt
2205 2080 2460 2164 ceteriS,

379 2199 432 2241 10
450 2179 640 2244 illum
674 2178 1015 2260 acuebant,
1053 2177 1265 2243 otium
1302 2186 1370 2243 et
1405 2177 1713 2254 solitudo·
1797 2179 2065 2249 Vellem
2108 2182 2299 2248 nobis
2332 2182 2460 2250 hoc

447 2284 628 2359 idem
658 2305 812 2353 vere
846 2283 1060 2349 dicere
1089 2281 1318 2349 liceret
1337 2305 1356 2366 ;
1401 2284 1518 2349 sed
1560 2285 1616 2349 si
1652 2284 1871 2350 minus
1915 2286 2287 2354 imitatione
2322 2296 2462 2354 tan·

447 2395 583 2454 tam
614 2387 867 2476 ingenii
899 2386 1366 2474 praestantiam
1394 2387 1704 2473 consequi
1734 2409 2096 2475 possumuS,
2120 2389 2462 2468 voluntate

349 2519 352 2523 ·
446 2499 625 2558 certe
653 2490 955 2579 proxime
983 2489 1394 2572 accedimus;
1433 2510 1588 2554 nam
1618 2497 1687 2556 et
1716 2512 1755 2556 a
1788 2512 1861 2556 re
1897 2490 2161 2578 publica
2188 2491 2462 2560 forensi-

447 2595 698 2682 busque
757 2592 1044 2681 negotiis
1099 2593 1300 2664 armis
1349 2592 1577 2680 impiis
1628 2593 1828 2679 vique
1876 2592 2199 2680 prohibiti
2249 2593 2457 2659 otium

380 2697 901 2784 ”persequimur
929 2702 998 2762 et
1035 2696 1122 2762 ob
1158 2716 1305 2762 eam
1342 2716 1601 2762 causam
1634 2696 1800 2787 urbe
1835 2695 2063 2763 relicta
2096 2717 2249 2762 rura
2284 2719 2459 2784 pera-

445 2807 709 2887 grantes
757 2821 953 2884 saepe
1003 2798 1128 2864 soli
1179 2819 1423 2864 sumus.
1515 2798 1648 2865 Sed
1704 2820 1827 2865 nec
1878 2798 2003 2866 hoc
2048 2799 2260 2865 otium
2307 2822 2456 2867 cum
2480 2812 2513 2864 2

447 2900 758 2967 Africani
793 2901 932 2966 otio
975 2921 1097 2966 nec
1140 2899 1302 2966 haec
1340 2900 1629 2966 solitudo
1673 2922 1823 2966 cum
1868 2900 1982 2966 illa
2024 2903 2461 2990 comparanda

447 3010 564 3079 est.
653 3001 780 3068 Ille
815 3001 995 3067 enim
1027 3001 1443 3088 requiescens
1478 3024 1515 3068 a
1544 3002 1640 3068 rei
1671 3001 1972 3089 publicae
2001 3003 2460 3090 pulcherrimis

448 3104 836 3179 muneribus
883 3103 1093 3169 otium
1144 3103 1268 3169 sibi
1322 3104 1623 3170 sumebat
1678 3104 2030 3192 aliquando
2072 3114 2142 3172 et
2184 3128 2223 3172 e
2265 3114 2457 3173 coetu

379 3207 795 3284 zohominum
824 3206 1332 3292 frequentiaque
1354 3206 1691 3276 interdum
1721 3215 2059 3294 tamquam
2088 3209 2159 3273 in
2189 3216 2459 3294 portum

446 3331 516 3378 se
546 3311 613 3375 in
643 3308 1070 3382 solitudinem
1102 3307 1479 3395 recipiebat,
1512 3317 1811 3382 nostrum
1846 3315 2070 3376 autem
2104 3313 2317 3374 otium
2350 3331 2458 3375 ne-

445 3412 615 3496 gotii
649 3411 891 3498 inopia,
921 3432 1056 3477 non
1092 3410 1556 3499 requiescendi
1574 3411 1815 3480 studio
1859 3409 2294 3480 constitutum
2330 3419 2455 3476 est.

447 3513 760 3583 Extincto
789 3513 967 3579 enim
997 3519 1229 3578 senatu
1259 3499 1628 3598 deletisqtte
1656 3511 1920 3582 iudiciis
1948 3509 2113 3596 quid
2146 3512 2460 3597 estquod

443 3616 728 3705 dignum
755 3615 946 3682 nobis
974 3621 1090 3680 aut
1121 3615 1194 3679 in
1225 3613 1406 3705 curia
1433 3620 1551 3679 aut
1579 3614 1650 3678 in
1679 3613 1829 3682 foro
1863 3633 2058 3701 agere
2090 3613 2459 3700 possimus?

379 3716 571 3803 wlfca,
601 3718 720 3806 qui
753 3718 825 3782 in
863 3717 1151 3786 maxima
1185 3715 1567 3788 celebritate
1611 3722 1809 3802 atque
1851 3715 1921 3780 in
1959 3715 2187 3786 oculis--
2208 3716 2453 3784 civium
2476 3730 2511 3782 3
