<?xml version="1.0" encoding="UTF-8"?>
<!DOCTYPE html PUBLIC "-//W3C//DTD XHTML 1.0 Transitional//EN"
    "http://www.w3.org/TR/xhtml1/DTD/xhtml1-transitional.dtd">
<html xmlns="http://www.w3.org/1999/xhtml" xml:lang="en" lang="en">
 <head>
  <title>
</title>
<meta http-equiv="Content-Type" content="text/html;charset=utf-8" />
  <meta name='ocr-system' content='tesseract 3.04.00' />
  <meta name='ocr-capabilities' content='ocr_page ocr_carea ocr_par ocr_line ocrx_word'/>
</head>
<body>
  <div class='ocr_page' id='page_1' title='image "./mtulliiciceroni07unkngoog_0086.png"; bbox 0 0 2867 4334; ppageno 0'>
   <div class='ocr_carea' id='block_1_1' title="bbox 939 371 2467 444">
    <p class='ocr_par' dir='ltr' id='par_1_1' title="bbox 939 371 2467 444">
     <span class='ocr_line' id='line_1_1' title="bbox 939 371 2467 444; baseline 0.005 -22"><span class='ocrx_word' id='word_1_1' title='bbox 939 373 1072 423; x_wconf 74' lang='lat' dir='ltr'>Lm</span> <span class='ocrx_word' id='word_1_2' title='bbox 1107 371 1148 424; x_wconf 91' lang='lat'>1.</span> <span class='ocrx_word' id='word_1_3' title='bbox 1221 373 1378 425; x_wconf 77' lang='lat' dir='ltr'>cAP.</span> <span class='ocrx_word' id='word_1_4' title='bbox 1415 372 1599 427; x_wconf 67' lang='grc' dir='ltr'>εει-35.</span> <span class='ocrx_word' id='word_1_5' title='bbox 1668 371 1703 440; x_wconf 70' lang='lat' dir='ltr'>g</span> <span class='ocrx_word' id='word_1_6' title='bbox 1738 375 1980 427; x_wconf 81' lang='lat'>120-126.</span> <span class='ocrx_word' id='word_1_7' title='bbox 2380 375 2467 444; x_wconf 71' lang='lat'>57</span> 
     </span>
    </p>
   </div>
   <div class='ocr_carea' id='block_1_2' title="bbox 375 522 2603 3553">
    <p class='ocr_par' dir='ltr' id='par_1_2' title="bbox 375 522 2603 3553">
     <span class='ocr_line' id='line_1_2' title="bbox 445 522 2465 610; baseline 0.002 -22"><span class='ocrx_word' id='word_1_8' title='bbox 445 522 1007 604; x_wconf 52' lang='lat' dir='ltr'>volent,*caveant</span> <span class='ocrx_word' id='word_1_9' title='bbox 1049 522 1651 610; x_wconf 65' lang='lat' dir='ltr'><strong>intemperantiam,</strong></span> <span class='ocrx_word' id='word_1_10' title='bbox 1687 524 2115 592; x_wconf 80' lang='lat' dir='ltr'>meminerint</span> <span class='ocrx_word' id='word_1_11' title='bbox 2158 545 2465 593; x_wconf 86' lang='lat' dir='ltr'>verecun-</span> 
     </span>
     <span class='ocr_line' id='line_1_3' title="bbox 445 625 2464 716; baseline 0.001 -24"><span class='ocrx_word' id='word_1_12' title='bbox 445 627 616 708; x_wconf 85' lang='lat' dir='ltr'>diae,</span> <span class='ocrx_word' id='word_1_13' title='bbox 639 627 816 714; x_wconf 91' lang='lat' dir='ltr'>quod</span> <span class='ocrx_word' id='word_1_14' title='bbox 839 627 969 692; x_wconf 91' lang='lat' dir='ltr'>erit</span> <span class='ocrx_word' id='word_1_15' title='bbox 992 625 1274 710; x_wconf 85' lang='lat' dir='ltr'>facilius,</span> <span class='ocrx_word' id='word_1_16' title='bbox 1298 627 1355 693; x_wconf 91' lang='lat' dir='ltr'>si</span> <span class='ocrx_word' id='word_1_17' title='bbox 1383 649 1467 692; x_wconf 77' lang='lat' dir='ltr'>ne</span> <span class='ocrx_word' id='word_1_18' title='bbox 1495 629 1567 692; x_wconf 91' lang='lat' dir='ltr'>in</span> <span class='ocrx_word' id='word_1_19' title='bbox 1597 628 1739 694; x_wconf 89' lang='lat' dir='ltr'>eius</span> <span class='ocrx_word' id='word_1_20' title='bbox 1770 629 1951 694; x_wconf 90' lang='lat' dir='ltr'>modi</span> <span class='ocrx_word' id='word_1_21' title='bbox 1973 628 2240 716; x_wconf 86' lang='lat' dir='ltr'>quidem</span> <span class='ocrx_word' id='word_1_22' title='bbox 2269 629 2464 696; x_wconf 90' lang='lat' dir='ltr'>rebus</span> 
     </span>
     <span class='ocr_line' id='line_1_4' title="bbox 397 707 2597 831; baseline 0.003 -42"><span class='ocrx_word' id='word_1_23' title='bbox 397 707 724 831; x_wconf 52' lang='lat' dir='ltr'>sffiiaiores</span> <span class='ocrx_word' id='word_1_24' title='bbox 759 736 918 794; x_wconf 90' lang='lat' dir='ltr'>natu</span> <span class='ocrx_word' id='word_1_25' title='bbox 950 729 1183 796; x_wconf 84' lang='lat' dir='ltr'>nolent</span> <span class='ocrx_word' id='word_1_26' title='bbox 1217 729 1551 796; x_wconf 85' lang='lat' dir='ltr'>interesse.</span> <span class='ocrx_word' id='word_1_27' title='bbox 1642 731 1925 797; x_wconf 82' lang='lat' dir='ltr'>Senibus</span> <span class='ocrx_word' id='word_1_28' title='bbox 1958 739 2180 798; x_wconf 87' lang='lat' dir='ltr'>autem</span> <span class='ocrx_word' id='word_1_29' title='bbox 2212 731 2465 798; x_wconf 90' lang='lat' dir='ltr'>labores</span> <span class='ocrx_word' id='word_1_30' title='bbox 2485 742 2597 797; x_wconf 81' lang='lat'>123</span> 
     </span>
     <span class='ocr_line' id='line_1_5' title="bbox 393 831 2464 921; baseline 0 -23"><span class='ocrx_word' id='word_1_31' title='bbox 393 835 398 845; x_wconf 92' lang='lat'>&#39;</span> <span class='ocrx_word' id='word_1_32' title='bbox 447 831 738 918; x_wconf 88' lang='lat' dir='ltr'>corporis</span> <span class='ocrx_word' id='word_1_33' title='bbox 760 831 1126 914; x_wconf 88' lang='lat' dir='ltr'>minuendi,</span> <span class='ocrx_word' id='word_1_34' title='bbox 1146 832 1649 899; x_wconf 71' lang='lat' dir='ltr'>exercitationes</span> <span class='ocrx_word' id='word_1_35' title='bbox 1676 832 1883 898; x_wconf 89' lang='lat' dir='ltr'>animi</span> <span class='ocrx_word' id='word_1_36' title='bbox 1905 833 2103 898; x_wconf 87' lang='lat' dir='ltr'>etiam</span> <span class='ocrx_word' id='word_1_37' title='bbox 2128 832 2464 921; x_wconf 77' lang='lat' dir='ltr'>augendae</span> 
     </span>
     <span class='ocr_line' id='line_1_6' title="bbox 403 933 2465 1022; baseline 0.002 -26"><span class='ocrx_word' id='word_1_38' title='bbox 403 933 800 1015; x_wconf 62' lang='lat' dir='ltr'>evidentur3</span> <span class='ocrx_word' id='word_1_39' title='bbox 830 933 1061 1015; x_wconf 79' lang='lat' dir='ltr'>&#39;danda</span> <span class='ocrx_word' id='word_1_40' title='bbox 1095 951 1255 1000; x_wconf 81' lang='lat' dir='ltr'>vero</span> <span class='ocrx_word' id='word_1_41' title='bbox 1299 955 1518 1022; x_wconf 87' lang='lat' dir='ltr'>opera,</span> <span class='ocrx_word' id='word_1_42' title='bbox 1549 943 1627 1000; x_wconf 90' lang='lat' dir='ltr'>ut</span> <span class='ocrx_word' id='word_1_43' title='bbox 1669 942 1740 1002; x_wconf 87' lang='lat' dir='ltr'>et</span> <span class='ocrx_word' id='word_1_44' title='bbox 1776 935 2018 1002; x_wconf 90' lang='lat' dir='ltr'>amicos</span> <span class='ocrx_word' id='word_1_45' title='bbox 2060 942 2128 1001; x_wconf 89' lang='lat' dir='ltr'>et</span> <span class='ocrx_word' id='word_1_46' title='bbox 2161 933 2465 1002; x_wconf 87' lang='lat' dir='ltr'>iuventu-</span> 
     </span>
     <span class='ocr_line' id='line_1_7' title="bbox 449 1023 2465 1124; baseline 0 -24"><span class='ocrx_word' id='word_1_47' title='bbox 449 1045 584 1100; x_wconf 90' lang='lat' dir='ltr'>tem</span> <span class='ocrx_word' id='word_1_48' title='bbox 637 1043 720 1101; x_wconf 80' lang='lat' dir='ltr'>et.</span> <span class='ocrx_word' id='word_1_49' title='bbox 757 1036 1044 1102; x_wconf 82' lang='lat' dir='ltr'>maxime</span> <span class='ocrx_word' id='word_1_50' title='bbox 1093 1058 1236 1102; x_wconf 86' lang='lat' dir='ltr'>rem</span> <span class='ocrx_word' id='word_1_51' title='bbox 1288 1036 1626 1124; x_wconf 84' lang='lat' dir='ltr'>publicam</span> <span class='ocrx_word' id='word_1_52' title='bbox 1676 1036 1951 1104; x_wconf 90' lang='lat' dir='ltr'>consilio</span> <span class='ocrx_word' id='word_1_53' title='bbox 2000 1043 2069 1102; x_wconf 88' lang='lat' dir='ltr'>ct</span> <span class='ocrx_word' id='word_1_54' title='bbox 2112 1023 2465 1123; x_wconf 73' lang='lat' dir='ltr'>prudentia</span> 
     </span>
     <span class='ocr_line' id='line_1_8' title="bbox 446 1136 2466 1224; baseline 0 -22"><span class='ocrx_word' id='word_1_55' title='bbox 446 1158 644 1224; x_wconf 90' lang='lat' dir='ltr'>quam</span> <span class='ocrx_word' id='word_1_56' title='bbox 681 1136 1047 1224; x_wconf 86' lang='lat' dir='ltr'>plurimum</span> <span class='ocrx_word' id='word_1_57' title='bbox 1081 1139 1420 1205; x_wconf 88' lang='lat' dir='ltr'>adiuvent.</span> <span class='ocrx_word' id='word_1_58' title='bbox 1508 1138 1708 1205; x_wconf 86' lang='lat' dir='ltr'>Nihil</span> <span class='ocrx_word' id='word_1_59' title='bbox 1741 1139 2206 1224; x_wconf 81' lang='lat' dir='ltr'>autemmagis</span> <span class='ocrx_word' id='word_1_60' title='bbox 2241 1159 2466 1204; x_wconf 84' lang='lat' dir='ltr'>caven-</span> 
     </span>
     <span class='ocr_line' id='line_1_9' title="bbox 446 1238 2464 1330; baseline 0.001 -27"><span class='ocrx_word' id='word_1_61' title='bbox 446 1239 608 1303; x_wconf 89' lang='lat' dir='ltr'>dum</span> <span class='ocrx_word' id='word_1_62' title='bbox 639 1246 740 1304; x_wconf 89' lang='lat' dir='ltr'>est</span> <span class='ocrx_word' id='word_1_63' title='bbox 767 1241 1109 1324; x_wconf 80' lang='lat' dir='ltr'>senectuti,</span> <span class='ocrx_word' id='word_1_64' title='bbox 1133 1261 1334 1328; x_wconf 91' lang='lat' dir='ltr'>quam</span> <span class='ocrx_word' id='word_1_65' title='bbox 1353 1261 1450 1306; x_wconf 84' lang='lat' dir='ltr'>nc</span> <span class='ocrx_word' id='word_1_66' title='bbox 1478 1239 1781 1327; x_wconf 82' lang='lat' dir='ltr'>languori</span> <span class='ocrx_word' id='word_1_67' title='bbox 1811 1261 1881 1305; x_wconf 89' lang='lat' dir='ltr'>se</span> <span class='ocrx_word' id='word_1_68' title='bbox 1910 1238 2329 1330; x_wconf 80' lang='lat' dir='ltr'>desidiaeque</span> <span class='ocrx_word' id='word_1_69' title='bbox 2357 1239 2464 1305; x_wconf 87' lang='lat' dir='ltr'>de·</span> 
     </span>
     <span class='ocr_line' id='line_1_10' title="bbox 445 1340 2464 1429; baseline 0 -23"><span class='ocrx_word' id='word_1_70' title='bbox 445 1340 598 1423; x_wconf 83' lang='lat' dir='ltr'>dat3</span> <span class='ocrx_word' id='word_1_71' title='bbox 642 1340 906 1423; x_wconf 82' lang='lat' dir='ltr'>luxuria</span> <span class='ocrx_word' id='word_1_72' title='bbox 929 1364 1084 1410; x_wconf 90' lang='lat' dir='ltr'>vero</span> <span class='ocrx_word' id='word_1_73' title='bbox 1113 1365 1265 1410; x_wconf 89' lang='lat' dir='ltr'>cum</span> <span class='ocrx_word' id='word_1_74' title='bbox 1291 1343 1475 1410; x_wconf 90' lang='lat' dir='ltr'>omni</span> <span class='ocrx_word' id='word_1_75' title='bbox 1498 1343 1695 1408; x_wconf 82' lang='lat' dir='ltr'>aetati</span> <span class='ocrx_word' id='word_1_76' title='bbox 1721 1341 1953 1429; x_wconf 86' lang='lat' dir='ltr'>turpis,</span> <span class='ocrx_word' id='word_1_77' title='bbox 1973 1349 2117 1407; x_wconf 90' lang='lat' dir='ltr'>tum</span> <span class='ocrx_word' id='word_1_78' title='bbox 2140 1343 2464 1408; x_wconf 81' lang='lat' dir='ltr'>senectuti</span> 
     </span>
     <span class='ocr_line' id='line_1_11' title="bbox 375 1442 2465 1531; baseline 0.002 -26"><span class='ocrx_word' id='word_1_79' title='bbox 375 1464 429 1506; x_wconf 86' lang='lat'>10</span> <span class='ocrx_word' id='word_1_80' title='bbox 446 1442 828 1510; x_wconf 80' lang='lat' dir='ltr'>foedissima</span> <span class='ocrx_word' id='word_1_81' title='bbox 877 1454 1014 1528; x_wconf 85' lang='lat' dir='ltr'>est3</span> <span class='ocrx_word' id='word_1_82' title='bbox 1066 1447 1168 1511; x_wconf 88' lang='lat' dir='ltr'>sin</span> <span class='ocrx_word' id='word_1_83' title='bbox 1221 1453 1445 1512; x_wconf 88' lang='lat' dir='ltr'>autem</span> <span class='ocrx_word' id='word_1_84' title='bbox 1497 1445 1697 1513; x_wconf 87' lang='lat' dir='ltr'>etiam</span> <span class='ocrx_word' id='word_1_85' title='bbox 1741 1443 2097 1512; x_wconf 85' lang='lat' dir='ltr'>libidinum</span> <span class='ocrx_word' id='word_1_86' title='bbox 2146 1444 2465 1531; x_wconf 91' lang='lat' dir='ltr'>intempe-</span> 
     </span>
     <span class='ocr_line' id='line_1_12' title="bbox 435 1545 2465 1635; baseline 0.001 -25"><span class='ocrx_word' id='word_1_87' title='bbox 435 1545 659 1611; x_wconf 85' lang='lat' dir='ltr'>rantia</span> <span class='ocrx_word' id='word_1_88' title='bbox 687 1547 977 1630; x_wconf 88' lang='lat' dir='ltr'>accessit,</span> <span class='ocrx_word' id='word_1_89' title='bbox 1000 1547 1248 1635; x_wconf 82' lang='lat' dir='ltr'>duplex</span> <span class='ocrx_word' id='word_1_90' title='bbox 1279 1547 1527 1614; x_wconf 86' lang='lat' dir='ltr'>malum</span> <span class='ocrx_word' id='word_1_91' title='bbox 1559 1556 1677 1632; x_wconf 88' lang='lat' dir='ltr'>est,</span> <span class='ocrx_word' id='word_1_92' title='bbox 1697 1546 1877 1635; x_wconf 84' lang='lat' dir='ltr'>quod</span> <span class='ocrx_word' id='word_1_93' title='bbox 1898 1555 1967 1613; x_wconf 88' lang='lat' dir='ltr'>et</span> <span class='ocrx_word' id='word_1_94' title='bbox 1996 1547 2140 1634; x_wconf 85' lang='lat' dir='ltr'>ipsa</span> <span class='ocrx_word' id='word_1_95' title='bbox 2166 1555 2465 1612; x_wconf 84' lang='lat' dir='ltr'>senectus</span> 
     </span>
     <span class='ocr_line' id='line_1_13' title="bbox 445 1648 2462 1737; baseline 0 -23"><span class='ocrx_word' id='word_1_96' title='bbox 445 1649 730 1715; x_wconf 84' lang='lat' dir='ltr'>dedecus</span> <span class='ocrx_word' id='word_1_97' title='bbox 763 1650 1054 1737; x_wconf 87' lang='lat' dir='ltr'>concipit</span> <span class='ocrx_word' id='word_1_98' title='bbox 1085 1659 1154 1716; x_wconf 91' lang='lat' dir='ltr'>et</span> <span class='ocrx_word' id='word_1_99' title='bbox 1181 1650 1345 1720; x_wconf 86' lang='lat' dir='ltr'>facit</span> <span class='ocrx_word' id='word_1_100' title='bbox 1378 1650 1900 1718; x_wconf 84' lang='lat' dir='ltr'>adulescentium</span> <span class='ocrx_word' id='word_1_101' title='bbox 1929 1648 2462 1737; x_wconf 82' lang='lat' dir='ltr'>inpudentiorem</span> 
     </span>
     <span class='ocr_line' id='line_1_14' title="bbox 443 1751 2596 1841; baseline 0.001 -25"><span class='ocrx_word' id='word_1_102' title='bbox 443 1753 1041 1840; x_wconf 84' lang='lat' dir='ltr'>intemperantiam.</span> <span class='ocrx_word' id='word_1_103' title='bbox 1130 1753 1238 1819; x_wconf 89' lang='lat' dir='ltr'>Ae</span> <span class='ocrx_word' id='word_1_104' title='bbox 1273 1775 1359 1820; x_wconf 90' lang='lat' dir='ltr'>ne</span> <span class='ocrx_word' id='word_1_105' title='bbox 1396 1754 1567 1820; x_wconf 90' lang='lat' dir='ltr'>illud</span> <span class='ocrx_word' id='word_1_106' title='bbox 1601 1755 1870 1841; x_wconf 89' lang='lat' dir='ltr'>quidem</span> <span class='ocrx_word' id='word_1_107' title='bbox 1906 1751 2198 1819; x_wconf 88' lang='lat' dir='ltr'>alienum</span> <span class='ocrx_word' id='word_1_108' title='bbox 2234 1759 2351 1836; x_wconf 91' lang='lat' dir='ltr'>est,</span> <span class='ocrx_word' id='word_1_109' title='bbox 2377 1752 2461 1819; x_wconf 90' lang='lat' dir='ltr'>de</span> <span class='ocrx_word' id='word_1_110' title='bbox 2482 1764 2596 1818; x_wconf 82' lang='lat'>124</span> 
     </span>
     <span class='ocr_line' id='line_1_15' title="bbox 447 1855 2480 1943; baseline 0.001 -24"><span class='ocrx_word' id='word_1_111' title='bbox 447 1855 968 1942; x_wconf 81' lang='lat' dir='ltr'>magistratuum,</span> <span class='ocrx_word' id='word_1_112' title='bbox 991 1856 1085 1933; x_wconf 89' lang='lat' dir='ltr'>dc</span> <span class='ocrx_word' id='word_1_113' title='bbox 1122 1856 1529 1943; x_wconf 87' lang='lat' dir='ltr'>privatorum</span> <span class='ocrx_word' id='word_1_114' title='bbox 1542 1858 1589 1941; x_wconf 91' lang='lat'>[,</span> <span class='ocrx_word' id='word_1_115' title='bbox 1613 1858 1698 1924; x_wconf 91' lang='lat' dir='ltr'>de</span> <span class='ocrx_word' id='word_1_116' title='bbox 1735 1856 2035 1941; x_wconf 59' lang='lat' dir='ltr'>civium}</span> <span class='ocrx_word' id='word_1_117' title='bbox 2060 1855 2143 1922; x_wconf 90' lang='lat' dir='ltr'>de</span> <span class='ocrx_word' id='word_1_118' title='bbox 2179 1855 2480 1942; x_wconf 81' lang='lat' dir='ltr'>peregri-·</span> 
     </span>
     <span class='ocr_line' id='line_1_16' title="bbox 379 1955 2465 2046; baseline 0.002 -28"><span class='ocrx_word' id='word_1_119' title='bbox 379 1955 947 2024; x_wconf 69' lang='lat' dir='ltr'>asnorum-officiis</span> <span class='ocrx_word' id='word_1_120' title='bbox 981 1957 1218 2024; x_wconf 88' lang='lat' dir='ltr'>dicere.</span> <span class='ocrx_word' id='word_1_121' title='bbox 1306 1957 1427 2024; x_wconf 89' lang='lat' dir='ltr'>Est</span> <span class='ocrx_word' id='word_1_122' title='bbox 1455 1959 1663 2046; x_wconf 86' lang='lat' dir='ltr'>igitur</span> <span class='ocrx_word' id='word_1_123' title='bbox 1690 1959 2036 2046; x_wconf 87' lang='lat' dir='ltr'>proprium</span> <span class='ocrx_word' id='word_1_124' title='bbox 2065 1979 2305 2024; x_wconf 89' lang='lat' dir='ltr'>munus</span> <span class='ocrx_word' id='word_1_125' title='bbox 2335 1977 2465 2023; x_wconf 87' lang='lat' dir='ltr'>ma-</span> 
     </span>
     <span class='ocr_line' id='line_1_17' title="bbox 445 2058 2467 2149; baseline 0.001 -26"><span class='ocrx_word' id='word_1_126' title='bbox 445 2059 760 2145; x_wconf 67' lang='lat' dir='ltr'>gistratus</span> <span class='ocrx_word' id='word_1_127' title='bbox 795 2058 1180 2147; x_wconf 86' lang='lat' dir='ltr'>intellegere</span> <span class='ocrx_word' id='word_1_128' title='bbox 1209 2081 1280 2126; x_wconf 89' lang='lat' dir='ltr'>se</span> <span class='ocrx_word' id='word_1_129' title='bbox 1312 2082 1543 2147; x_wconf 87' lang='lat' dir='ltr'>gerere</span> <span class='ocrx_word' id='word_1_130' title='bbox 1572 2082 1919 2149; x_wconf 88' lang='lat' dir='ltr'>personam</span> <span class='ocrx_word' id='word_1_131' title='bbox 1954 2059 2242 2126; x_wconf 87' lang='lat' dir='ltr'>civitatis</span> <span class='ocrx_word' id='word_1_132' title='bbox 2276 2059 2467 2126; x_wconf 90' lang='lat' dir='ltr'>debe-</span> 
     </span>
     <span class='ocr_line' id='line_1_18' title="bbox 447 2161 2463 2248; baseline 0 -22"><span class='ocrx_word' id='word_1_133' title='bbox 447 2180 650 2247; x_wconf 89' lang='lat' dir='ltr'>reque</span> <span class='ocrx_word' id='word_1_134' title='bbox 679 2161 822 2240; x_wconf 83' lang='lat' dir='ltr'>eius</span> <span class='ocrx_word' id='word_1_135' title='bbox 851 2161 1247 2248; x_wconf 87' lang='lat' dir='ltr'>dignitatem</span> <span class='ocrx_word' id='word_1_136' title='bbox 1276 2170 1344 2228; x_wconf 92' lang='lat' dir='ltr'>et</span> <span class='ocrx_word' id='word_1_137' title='bbox 1373 2162 1575 2241; x_wconf 91' lang='lat' dir='ltr'>decus</span> <span class='ocrx_word' id='word_1_138' title='bbox 1608 2163 1953 2248; x_wconf 86' lang='lat' dir='ltr'>sustinere,</span> <span class='ocrx_word' id='word_1_139' title='bbox 1976 2183 2236 2228; x_wconf 83' lang='lat' dir='ltr'>servare</span> <span class='ocrx_word' id='word_1_140' title='bbox 2264 2161 2463 2246; x_wconf 86' lang='lat' dir='ltr'>leges,</span> 
     </span>
     <span class='ocr_line' id='line_1_19' title="bbox 448 2262 2465 2347; baseline 0 -20"><span class='ocrx_word' id='word_1_141' title='bbox 448 2264 593 2328; x_wconf 88' lang='lat' dir='ltr'>iura</span> <span class='ocrx_word' id='word_1_142' title='bbox 613 2263 985 2347; x_wconf 88' lang='lat' dir='ltr'>discribere,</span> <span class='ocrx_word' id='word_1_143' title='bbox 1004 2284 1082 2329; x_wconf 88' lang='lat' dir='ltr'>ea</span> <span class='ocrx_word' id='word_1_144' title='bbox 1101 2262 1259 2330; x_wconf 87' lang='lat' dir='ltr'>fidei</span> <span class='ocrx_word' id='word_1_145' title='bbox 1289 2285 1444 2331; x_wconf 89' lang='lat' dir='ltr'>suae</span> <span class='ocrx_word' id='word_1_146' title='bbox 1473 2265 1819 2332; x_wconf 87' lang='lat' dir='ltr'>commissa</span> <span class='ocrx_word' id='word_1_147' title='bbox 1844 2264 2239 2329; x_wconf 87' lang='lat' dir='ltr'>meminisse.</span> <span class='ocrx_word' id='word_1_148' title='bbox 2319 2262 2465 2328; x_wconf 89' lang='lat' dir='ltr'>Pri-</span> 
     </span>
     <span class='ocr_line' id='line_1_20' title="bbox 448 2364 2465 2454; baseline 0.001 -27"><span class='ocrx_word' id='word_1_149' title='bbox 448 2374 676 2430; x_wconf 82' lang='lat' dir='ltr'>vatum</span> <span class='ocrx_word' id='word_1_150' title='bbox 718 2373 942 2431; x_wconf 88' lang='lat' dir='ltr'>autem</span> <span class='ocrx_word' id='word_1_151' title='bbox 985 2373 1248 2454; x_wconf 89' lang='lat' dir='ltr'>oportet</span> <span class='ocrx_word' id='word_1_152' title='bbox 1285 2388 1497 2454; x_wconf 89' lang='lat' dir='ltr'>aequo</span> <span class='ocrx_word' id='word_1_153' title='bbox 1540 2374 1609 2432; x_wconf 92' lang='lat' dir='ltr'>et</span> <span class='ocrx_word' id='word_1_154' title='bbox 1645 2367 1787 2453; x_wconf 88' lang='lat' dir='ltr'>pari</span> <span class='ocrx_word' id='word_1_155' title='bbox 1831 2387 1999 2430; x_wconf 85' lang='lat' dir='ltr'>cum.</span> <span class='ocrx_word' id='word_1_156' title='bbox 2030 2364 2287 2430; x_wconf 86' lang='lat' dir='ltr'>civibus</span> <span class='ocrx_word' id='word_1_157' title='bbox 2321 2365 2465 2430; x_wconf 91' lang='lat' dir='ltr'>iure</span> 
     </span>
     <span class='ocr_line' id='line_1_21' title="bbox 379 2465 2467 2554; baseline 0.001 -25"><span class='ocrx_word' id='word_1_158' title='bbox 379 2467 931 2554; x_wconf 67' lang='lat' dir='ltr'>aoviverefneque&#39;</span> <span class='ocrx_word' id='word_1_159' title='bbox 971 2470 1395 2533; x_wconf 86' lang='lat' dir='ltr'>summissum</span> <span class='ocrx_word' id='word_1_160' title='bbox 1438 2475 1508 2534; x_wconf 90' lang='lat' dir='ltr'>et</span> <span class='ocrx_word' id='word_1_161' title='bbox 1551 2468 1879 2534; x_wconf 90' lang='lat' dir='ltr'>abiectum</span> <span class='ocrx_word' id='word_1_162' title='bbox 1924 2486 2141 2552; x_wconf 89' lang='lat' dir='ltr'>neque</span> <span class='ocrx_word' id='word_1_163' title='bbox 2183 2486 2255 2530; x_wconf 87' lang='lat' dir='ltr'>se</span> <span class='ocrx_word' id='word_1_164' title='bbox 2296 2465 2467 2531; x_wconf 83' lang='lat' dir='ltr'>ecfe-</span> 
     </span>
     <span class='ocr_line' id='line_1_22' title="bbox 447 2564 2467 2657; baseline -0.001 -23"><span class='ocrx_word' id='word_1_165' title='bbox 447 2582 725 2652; x_wconf 85' lang='lat' dir='ltr'>rentem,</span> <span class='ocrx_word' id='word_1_166' title='bbox 757 2577 904 2634; x_wconf 88' lang='lat' dir='ltr'>tum</span> <span class='ocrx_word' id='word_1_167' title='bbox 937 2569 1010 2650; x_wconf 88' lang='lat' dir='ltr'>in</span> <span class='ocrx_word' id='word_1_168' title='bbox 1033 2572 1120 2636; x_wconf 82' lang='lat' dir='ltr'>re</span> <span class='ocrx_word' id='word_1_169' title='bbox 1154 2569 1420 2657; x_wconf 87' lang='lat' dir='ltr'>publica</span> <span class='ocrx_word' id='word_1_170' title='bbox 1460 2590 1538 2635; x_wconf 91' lang='lat' dir='ltr'>ea</span> <span class='ocrx_word' id='word_1_171' title='bbox 1573 2567 1764 2651; x_wconf 87' lang='lat' dir='ltr'>velle,</span> <span class='ocrx_word' id='word_1_172' title='bbox 1795 2588 1963 2654; x_wconf 89' lang='lat' dir='ltr'>quae</span> <span class='ocrx_word' id='word_1_173' title='bbox 2004 2564 2359 2652; x_wconf 80' lang='lat' dir='ltr'>tranquilla</span> <span class='ocrx_word' id='word_1_174' title='bbox 2398 2573 2467 2631; x_wconf 89' lang='lat' dir='ltr'>et</span> 
     </span>
     <span class='ocr_line' id='line_1_23' title="bbox 448 2667 2465 2754; baseline 0 -20"><span class='ocrx_word' id='word_1_175' title='bbox 448 2670 722 2748; x_wconf 86' lang='lat' dir='ltr'>honesta</span> <span class='ocrx_word' id='word_1_176' title='bbox 751 2671 942 2754; x_wconf 89' lang='lat' dir='ltr'>.sint;</span> <span class='ocrx_word' id='word_1_177' title='bbox 994 2670 1195 2738; x_wconf 89' lang='lat' dir='ltr'>talem</span> <span class='ocrx_word' id='word_1_178' title='bbox 1247 2671 1428 2736; x_wconf 89' lang='lat' dir='ltr'>enim</span> <span class='ocrx_word' id='word_1_179' title='bbox 1480 2669 1767 2736; x_wconf 89' lang='lat' dir='ltr'>solemus</span> <span class='ocrx_word' id='word_1_180' title='bbox 1817 2679 1885 2734; x_wconf 89' lang='lat' dir='ltr'>et</span> <span class='ocrx_word' id='word_1_181' title='bbox 1926 2667 2173 2734; x_wconf 83' lang='lat' dir='ltr'>sentire</span> <span class='ocrx_word' id='word_1_182' title='bbox 2214 2667 2465 2734; x_wconf 85' lang='lat' dir='ltr'>bonum</span> 
     </span>
     <span class='ocr_line' id='line_1_24' title="bbox 450 2769 2603 2860; baseline 0.002 -23"><span class='ocrx_word' id='word_1_183' title='bbox 450 2772 660 2855; x_wconf 84' lang='lat' dir='ltr'>civem</span> <span class='ocrx_word' id='word_1_184' title='bbox 704 2781 774 2838; x_wconf 93' lang='lat' dir='ltr'>et</span> <span class='ocrx_word' id='word_1_185' title='bbox 811 2773 1040 2840; x_wconf 87' lang='lat' dir='ltr'>dicere.</span> <span class='ocrx_word' id='word_1_186' title='bbox 1131 2773 1484 2860; x_wconf 82' lang='lat' dir='ltr'>Peregrini</span> <span class='ocrx_word' id='word_1_187' title='bbox 1526 2780 1749 2840; x_wconf 89' lang='lat' dir='ltr'>autem</span> <span class='ocrx_word' id='word_1_188' title='bbox 1794 2780 1993 2859; x_wconf 89' lang='lat' dir='ltr'>atque</span> <span class='ocrx_word' id='word_1_189' title='bbox 2036 2769 2288 2837; x_wconf 90' lang='lat' dir='ltr'>incolae</span> <span class='ocrx_word' id='word_1_190' title='bbox 2331 2770 2461 2837; x_wconf 89' lang='lat' dir='ltr'>offi·</span> <span class='ocrx_word' id='word_1_191' title='bbox 2489 2786 2603 2842; x_wconf 82' lang='lat'>125</span> 
     </span>
     <span class='ocr_line' id='line_1_25' title="bbox 449 2864 2465 2964; baseline -0 -23"><span class='ocrx_word' id='word_1_192' title='bbox 449 2876 627 2956; x_wconf 89' lang='lat' dir='ltr'>cium</span> <span class='ocrx_word' id='word_1_193' title='bbox 671 2884 771 2942; x_wconf 87' lang='lat' dir='ltr'>est</span> <span class='ocrx_word' id='word_1_194' title='bbox 795 2875 976 2942; x_wconf 85' lang='lat' dir='ltr'>nihil</span> <span class='ocrx_word' id='word_1_195' title='bbox 1011 2864 1270 2962; x_wconf 86' lang='lat' dir='ltr'>praeter</span> <span class='ocrx_word' id='word_1_196' title='bbox 1311 2897 1508 2942; x_wconf 84' lang='lat' dir='ltr'>suum</span> <span class='ocrx_word' id='word_1_197' title='bbox 1544 2877 1887 2964; x_wconf 77' lang='lat' dir='ltr'>negotium</span> <span class='ocrx_word' id='word_1_198' title='bbox 1932 2895 2145 2961; x_wconf 88' lang='lat' dir='ltr'>agere,</span> <span class='ocrx_word' id='word_1_199' title='bbox 2175 2873 2346 2941; x_wconf 88' lang='lat' dir='ltr'>nihil</span> <span class='ocrx_word' id='word_1_200' title='bbox 2380 2875 2465 2940; x_wconf 88' lang='lat' dir='ltr'>de</span> 
     </span>
     <span class='ocr_line' id='line_1_26' title="bbox 381 2977 2467 3066; baseline 0.001 -26"><span class='ocrx_word' id='word_1_201' title='bbox 381 2978 578 3045; x_wconf 62' lang='lat' dir='ltr'>analio</span> <span class='ocrx_word' id='word_1_202' title='bbox 611 2979 956 3065; x_wconf 77' lang='lat' dir='ltr'>anquirere</span> <span class='ocrx_word' id='word_1_203' title='bbox 991 2980 1396 3066; x_wconf 86' lang='lat' dir='ltr'>minimeque</span> <span class='ocrx_word' id='word_1_204' title='bbox 1431 3001 1571 3046; x_wconf 85' lang='lat' dir='ltr'>esse</span> <span class='ocrx_word' id='word_1_205' title='bbox 1606 2980 1677 3044; x_wconf 92' lang='lat' dir='ltr'>in</span> <span class='ocrx_word' id='word_1_206' title='bbox 1713 2979 1929 3045; x_wconf 87' lang='lat' dir='ltr'>aliena</span> <span class='ocrx_word' id='word_1_207' title='bbox 1961 2999 2035 3043; x_wconf 89' lang='lat' dir='ltr'>re</span> <span class='ocrx_word' id='word_1_208' title='bbox 2062 2977 2328 3064; x_wconf 88' lang='lat' dir='ltr'>publica</span> <span class='ocrx_word' id='word_1_209' title='bbox 2362 2998 2467 3042; x_wconf 90' lang='lat' dir='ltr'>cu-</span> 
     </span>
     <span class='ocr_line' id='line_1_27' title="bbox 451 3079 2463 3169; baseline -0.001 -24"><span class='ocrx_word' id='word_1_210' title='bbox 451 3081 720 3146; x_wconf 71' lang='lat' dir='ltr'>riosum.</span> <span class='ocrx_word' id='word_1_211' title='bbox 787 3079 927 3145; x_wconf 55' lang='lat' dir='ltr'>‘Ita</span> <span class='ocrx_word' id='word_1_212' title='bbox 970 3079 1114 3146; x_wconf 86' lang='lat' dir='ltr'>fere</span> <span class='ocrx_word' id='word_1_213' title='bbox 1165 3081 1376 3147; x_wconf 88' lang='lat' dir='ltr'>officia</span> <span class='ocrx_word' id='word_1_214' title='bbox 1424 3082 1859 3169; x_wconf 84' lang='lat' dir='ltr'>reperientur,</span> <span class='ocrx_word' id='word_1_215' title='bbox 1897 3101 2049 3146; x_wconf 87' lang='lat' dir='ltr'>cum</span> <span class='ocrx_word' id='word_1_216' title='bbox 2093 3088 2463 3167; x_wconf 87' lang='lat' dir='ltr'>quaeretur,</span> 
     </span>
     <span class='ocr_line' id='line_1_28' title="bbox 451 3182 2463 3271; baseline -0.001 -23"><span class='ocrx_word' id='word_1_217' title='bbox 451 3183 612 3268; x_wconf 87' lang='lat' dir='ltr'>quid</span> <span class='ocrx_word' id='word_1_218' title='bbox 662 3182 1016 3264; x_wconf 87' lang='lat' dir='ltr'>deceat,.et</span> <span class='ocrx_word' id='word_1_219' title='bbox 1057 3183 1222 3268; x_wconf 89' lang='lat' dir='ltr'>quid</span> <span class='ocrx_word' id='word_1_220' title='bbox 1265 3192 1497 3270; x_wconf 87' lang='lat' dir='ltr'>aptum</span> <span class='ocrx_word' id='word_1_221' title='bbox 1550 3185 1637 3249; x_wconf 90' lang='lat' dir='ltr'>sit</span> <span class='ocrx_word' id='word_1_222' title='bbox 1679 3182 1997 3271; x_wconf 73' lang='lat' dir='ltr'>personia,</span> <span class='ocrx_word' id='word_1_223' title='bbox 2034 3183 2463 3269; x_wconf 88' lang='lat' dir='ltr'>temporibus,</span> 
     </span>
     <span class='ocr_line' id='line_1_29' title="bbox 452 3282 2463 3372; baseline -0.002 -22"><span class='ocrx_word' id='word_1_224' title='bbox 452 3283 790 3352; x_wconf 87' lang='lat' dir='ltr'>aetatibus.</span> <span class='ocrx_word' id='word_1_225' title='bbox 877 3282 1072 3350; x_wconf 84' lang='lat' dir='ltr'>Nihil</span> <span class='ocrx_word' id='word_1_226' title='bbox 1103 3294 1202 3350; x_wconf 89' lang='lat' dir='ltr'>est</span> <span class='ocrx_word' id='word_1_227' title='bbox 1236 3297 1481 3368; x_wconf 90' lang='lat' dir='ltr'>autem,</span> <span class='ocrx_word' id='word_1_228' title='bbox 1504 3284 1685 3372; x_wconf 89' lang='lat' dir='ltr'>quod</span> <span class='ocrx_word' id='word_1_229' title='bbox 1714 3293 1849 3349; x_wconf 87' lang='lat' dir='ltr'>tam</span> <span class='ocrx_word' id='word_1_230' title='bbox 1888 3283 2135 3365; x_wconf 88' lang='lat' dir='ltr'>deceat,</span> <span class='ocrx_word' id='word_1_231' title='bbox 2159 3302 2357 3368; x_wconf 88' lang='lat' dir='ltr'>quam</span> <span class='ocrx_word' id='word_1_232' title='bbox 2393 3282 2463 3345; x_wconf 89' lang='lat' dir='ltr'>in</span> 
     </span>
     <span class='ocr_line' id='line_1_30' title="bbox 453 3384 2466 3474; baseline -0.002 -23"><span class='ocrx_word' id='word_1_233' title='bbox 453 3387 636 3451; x_wconf 90' lang='lat' dir='ltr'>omni</span> <span class='ocrx_word' id='word_1_234' title='bbox 692 3408 766 3452; x_wconf 89' lang='lat' dir='ltr'>re</span> <span class='ocrx_word' id='word_1_235' title='bbox 811 3386 1108 3474; x_wconf 86' lang='lat' dir='ltr'>gerenda</span> <span class='ocrx_word' id='word_1_236' title='bbox 1164 3386 1573 3473; x_wconf 89' lang='lat' dir='ltr'>consilioque</span> <span class='ocrx_word' id='word_1_237' title='bbox 1628 3384 1976 3473; x_wconf 23' lang='lat' dir='ltr'>capiendo.</span> <span class='ocrx_word' id='word_1_238' title='bbox 2006 3403 2263 3448; x_wconf 86' lang='lat' dir='ltr'>servare</span> <span class='ocrx_word' id='word_1_239' title='bbox 2318 3402 2466 3448; x_wconf 86' lang='lat' dir='ltr'>con-</span> 
     </span>
     <span class='ocr_line' id='line_1_31' title="bbox 386 3487 782 3553; baseline 0.008 -4"><span class='ocrx_word' id='word_1_240' title='bbox 386 3487 782 3553; x_wconf 66' lang='lat' dir='ltr'>costantiam.</span> 
     </span>
    </p>
   </div>
   <div class='ocr_carea' id='block_1_3' title="bbox 451 3551 2601 3787">
    <p class='ocr_par' dir='ltr' id='par_1_3' title="bbox 451 3551 2601 3787">
     <span class='ocr_line' id='line_1_32' title="bbox 455 3551 2601 3696; baseline -0.003 -41"><span class='ocrx_word' id='word_1_241' title='bbox 455 3619 460 3632; x_wconf 92' lang='lat'><em>·</em></span> <span class='ocrx_word' id='word_1_242' title='bbox 539 3588 672 3655; x_wconf 88' lang='lat' dir='ltr'>Sed</span> <span class='ocrx_word' id='word_1_243' title='bbox 693 3591 1005 3675; x_wconf 87' lang='lat' dir='ltr'>quoniam</span> <span class='ocrx_word' id='word_1_244' title='bbox 1036 3589 1348 3656; x_wconf 89' lang='lat' dir='ltr'>decorum</span> <span class='ocrx_word' id='word_1_245' title='bbox 1377 3585 1547 3652; x_wconf 89' lang='lat' dir='ltr'>illud</span> <span class='ocrx_word' id='word_1_246' title='bbox 1574 3587 1647 3651; x_wconf 91' lang='lat' dir='ltr'>in</span> <span class='ocrx_word' id='word_1_247' title='bbox 1677 3585 1985 3652; x_wconf 84' lang='lat' dir='ltr'>omnibus</span> <span class='ocrx_word' id='word_1_248' title='bbox 2012 3585 2225 3668; x_wconf 88' lang='lat' dir='ltr'>factis,</span> <span class='ocrx_word' id='word_1_249' title='bbox 2249 3583 2462 3670; x_wconf 90' lang='lat' dir='ltr'>dictis,</span> <span class='ocrx_word' id='word_1_250' title='bbox 2486 3551 2601 3696; x_wconf 58' lang='grc' dir='ltr'>1Ξὲ</span> 
     </span>
     <span class='ocr_line' id='line_1_33' title="bbox 451 3686 2467 3787; baseline -0.001 -32"><span class='ocrx_word' id='word_1_251' title='bbox 451 3690 533 3755; x_wconf 77' lang='lat' dir='ltr'>in&#39;</span> <span class='ocrx_word' id='word_1_252' title='bbox 559 3691 850 3779; x_wconf 88' lang='lat' dir='ltr'>corporis</span> <span class='ocrx_word' id='word_1_253' title='bbox 885 3691 1174 3787; x_wconf 86' lang='lat' dir='ltr'>denique</span> <span class='ocrx_word' id='word_1_254' title='bbox 1208 3696 1396 3756; x_wconf 87' lang='lat' dir='ltr'>motu</span> <span class='ocrx_word' id='word_1_255' title='bbox 1429 3696 1499 3754; x_wconf 92' lang='lat' dir='ltr'>et</span> <span class='ocrx_word' id='word_1_256' title='bbox 1532 3695 1713 3754; x_wconf 84' lang='lat' dir='ltr'>statu</span> <span class='ocrx_word' id='word_1_257' title='bbox 1734 3686 2037 3754; x_wconf 17' lang='lat' dir='ltr'>*cernitur</span> <span class='ocrx_word' id='word_1_258' title='bbox 2069 3687 2275 3775; x_wconf 82' lang='lat' dir='ltr'>idque</span> <span class='ocrx_word' id='word_1_259' title='bbox 2300 3687 2467 3774; x_wconf 85' lang='lat' dir='ltr'>posi.-</span> 
     </span>
    </p>
   </div>
   <div class='ocr_carea' id='block_1_4' title="bbox 1473 3773 1560 3843">
    <p class='ocr_par' dir='ltr' id='par_1_4' title="bbox 1473 3773 1560 3843">
     <span class='ocr_line' id='line_1_34' title="bbox 1473 3773 1560 3843; baseline 0 -31"><span class='ocrx_word' id='word_1_260' title='bbox 1473 3773 1560 3843; x_wconf 57' lang='lat'>3*</span> 
     </span>
    </p>
   </div>
  </div>
 </body>
</html>
