2867 4334
372 391 498 454 103
1149 387 1250 438 DE
1293 386 1601 438 ormcns

369 547 470 605 est
498 538 790 621 omninO,
822 537 881 604 si
908 536 1132 624 possit,
1159 537 1477 623 utrisque,
1500 558 1624 603 nec
1655 535 1892 620 minus,
1924 544 2002 602 nt
2030 537 2230 603 etiam
2262 538 2388 603 sin-

369 640 543 728 gulis
578 640 974 722 consulatur,
1012 639 1127 704 sed
1163 640 1277 723 ita,
1304 648 1383 706 ut
1418 661 1495 705 ea
1531 661 1634 705 res
1669 647 1783 705 aut
1818 639 2026 726 prosit
2056 648 2171 705 aut
2208 649 2387 706 certe

369 765 455 809 ne
489 744 660 809 obsit
696 743 793 808 rei
827 742 1150 830 publicae.
1241 743 1317 808 O.
1358 741 1640 808 Gracchi
1675 741 2113 807 frumentaria
2147 764 2389 830 magna

369 845 670 932 largiti03
715 844 1141 910 exhauriebat
1185 843 1392 932 igitur
1433 844 1797 926 acrarium3
1841 844 2101 910 modica
2130 843 2227 910 M.
2263 843 2387 911 Oc-

370 949 507 1014 tavi
536 956 605 1014 et
634 948 729 1014 rei
758 947 1060 1034 publicae
1091 945 1451 1013 tolerabilis
1480 955 1547 1012 ct
1582 946 1764 1034 plebi
1796 947 2193 1028 necessaria3
2223 967 2381 1032 ergo
2425 966 2453 1007 u

277 1058 438 1119 734et
466 1051 723 1130 civibus
753 1051 820 1115 ct
860 1049 957 1115 rei
994 1049 1296 1136 publicae
1341 1048 1660 1114 salutaris.
1750 1048 1835 1114 In
1878 1048 2113 1135 primis
2158 1056 2382 1114 autem

373 1154 732 1219 videndum
765 1153 891 1219 erit
925 1151 1024 1234 ei,
1047 1153 1164 1238 qui
1200 1175 1340 1218 rem
1384 1153 1719 1238 publicam
1758 1149 2263 1233 administrabit,
2300 1159 2379 1216 ut

371 1277 560 1320 suum
587 1255 865 1342 quisque
891 1262 1108 1320 teneat
1135 1257 1346 1339 nequo
1369 1254 1453 1320 de
1477 1254 1665 1320 bonis
1686 1253 2095 1341 privatorum
2122 1252 2385 1340 publice

371 1357 739 1422 deminutio
775 1357 908 1421 fiat.
998 1355 1378 1422 Perniciose
1423 1355 1602 1420 enim
1648 1354 2025 1442 Philippus,
2061 1355 2133 1420 in
2180 1355 2386 1420 tribu-

373 1468 531 1525 natu
561 1480 712 1525 cum
744 1459 957 1544 legem
979 1458 1298 1543 agrariam
1329 1457 1555 1538 ferret,
1583 1479 1779 1543 quam
1808 1465 2027 1521 tamen
2050 1457 2381 1543 antiquari
2400 1476 2453 1516 ιο

369 1562 564 1629 facile
606 1582 831 1646 passus
874 1567 972 1623 est
1022 1565 1090 1622 et
1136 1559 1208 1621 in
1257 1579 1334 1622 eo
1387 1557 1818 1623 vehementer
1862 1580 1932 1622 se
1970 1557 2378 1622 moderatum

283 1683 289 1687 ·
368 1659 895 1748 praebuit,—-—sed
925 1679 1074 1724 cum
1111 1658 1180 1722 in
1219 1658 1475 1744 agendo
1522 1658 1731 1722 multa
1774 1659 2199 1744 populariter,
2233 1667 2376 1723 turn

368 1765 534 1830 illud
566 1763 754 1844 male,
787 1764 979 1824 “non
1015 1781 1153 1824 esse
1191 1761 1258 1822 in
1305 1760 1574 1824 civitate
1618 1759 1751 1824 duo
1790 1758 1971 1824 milia
2006 1760 2376 1844 hominum,

369 1867 484 1952 qui
520 1886 656 1929 rem
690 1859 1068 1927 haberent.’'
1160 1859 1478 1947 Capitalis
1521 1862 1730 1927 oratio
1774 1869 1895 1944 est,
1932 1861 2012 1927 ad
2050 1863 2378 1948 aequatio-

369 1991 519 2034 nem
565 1968 889 2033 bonorum
932 1965 1309 2053 pertinens3
1353 1989 1487 2054 qua
1529 1974 1715 2054 peste
1760 1988 1927 2054 quae
1969 1976 2188 2054 potest
2240 1990 2378 2034 esse
2396 1990 2447 2030 ιε

368 2070 615 2135 maiori
683 2069 877 2134 Hanc
900 2069 1076 2134 enim
1101 2070 1187 2135 ob
1211 2091 1469 2137 causam
1494 2091 1821 2153 maxume,
1846 2078 1922 2135 ut
1946 2091 2061 2135 sua
2083 2077 2380 2137 teneren-

369 2183 496 2256 tur,
527 2194 632 2239 res
661 2172 964 2260 publicae
999 2171 1430 2259 civitatesque
1476 2172 1873 2238 constitutae
1915 2181 2092 2238 sunt.
2178 2172 2377 2256 Nam,

367 2277 490 2342 etsi
521 2277 688 2342 duce
731 2283 966 2342 natura
1012 2276 1579 2362 congregabantur
1624 2275 1945 2357 homineS,
1995 2285 2215 2340 tamen
2264 2297 2383 2363 spe·

368 2379 703 2461 custodiae
734 2399 954 2444 rerum
991 2399 1255 2442 suarum
1294 2377 1559 2443 urbium
1596 2377 1920 2464 praesidia
1957 2378 2377 2464 quaerebant.

273 2485 348 2543 74
366 2481 606 2549 Danda
636 2482 836 2548 etiam
869 2483 1069 2568 opera
1099 2489 1216 2563 cst,
1251 2501 1352 2562 ne,
1380 2480 1569 2566 -quod
1606 2480 1783 2567 apud
1820 2480 2101 2546 maiores
2124 2488 2455 2545 nostrosm

367 2607 559 2672 saepe
586 2583 787 2651 fiebat
816 2585 1090 2670 propter
1118 2583 1346 2648 aerarii
1381 2583 1769 2648 tenuitatem
1796 2582 2379 2668 assiduitatemque

367 2688 715 2768 bellorum,
751 2687 1075 2764 tributum
1109 2685 1195 2764 sit
1224 2684 1726 2765 conferendum,
1758 2685 1963 2771 idque
1988 2705 2073 2749 ne
2095 2685 2376 2768 eveniat,

368 2787 580 2851 multo
637 2791 792 2850 ante
842 2786 968 2850 erit
1028 2784 1535 2869 providendum.
1627 2786 1745 2851 Sin
1805 2807 1976 2871 quae
2032 2787 2377 2852 necessitas

367 2887 562 2951 huius
595 2886 883 2950 muneris
907 2885 1102 2950 alicui
1133 2884 1231 2949 rei
1260 2885 1561 2971 publicae
1592 2887 1936 2968 obvenerit
1966 2887 2165 2972 (malo
2195 2890 2375 2953 enim

365 2988 475 3052 alii
507 2989 704 3073 quam
732 2991 990 3052 nostrae
1019 2986 1340 3069 ominari3
1371 3007 1587 3073 neque
1618 2995 1839 3054 tamen
1871 2989 1955 3055 de
1984 2998 2225 3072 nostra,
2262 2991 2374 3056 sed
2394 3013 2455 3055 25.

366 3089 448 3154 de
470 3088 654 3154 omni
685 3110 754 3152 re
784 3086 1047 3175 publica
1076 3087 1390 3175 disputo),
1415 3088 1630 3154 danda
1654 3090 1779 3156 erit
1802 3112 2017 3178 opera,
2043 3101 2120 3156 ut
2148 3113 2377 3157 omncs

365 3191 774 3278 intellegant,
811 3191 867 3255 si
903 3189 1250 3255 salvi'esse
1287 3190 1515 3274 velint,
1554 3194 1941 3258 necessitati
1968 3214 2107 3259 esse
2150 3215 2378 3280 paren-

365 3295 547 3360 dum.
614 3295 844 3380 Atque
875 3294 1076 3359 etiam
1107 3313 1351 3377 omncs,
1376 3294 1494 3380 qui
1524 3316 1662 3360 rem
1695 3295 2027 3382 publicam
2057 3296 2378 3383 guberna-

366 3398 554 3480 bunt,
591 3397 946 3481 consulere
977 3395 1336 3481 debebunt,
1373 3404 1717 3480 utpearum
1765 3419 1984 3462 rerum
2033 3399 2224 3485 copia
2269 3399 2375 3481 sit,

365 3508 716 3586 quae'sunt
732 3498 1167 3564 necessariae.
1241 3496 1543 3575 Quarum
1568 3499 1781 3584 qualis
1811 3501 2209 3586 comparatio
2232 3499 2374 3564 fieri
2392 3521 2455 3562 so.

362 3602 566 3667 soleat
599 3610 670 3666 ct
701 3601 957 3684 debeat,
982 3622 1113 3666 non
1147 3607 1246 3664 est
1277 3602 1936 3688 necesse'disputare3
1967 3609 2065 3666 est
2094 3601 2275 3666 enim
2305 3600 2372 3663 in

271 3709 344 3768 75
363 3706 673 3790 promptu
692 3723 709 3783 ;
740 3706 1002 3768 tantum
1023 3703 1208 3768 locus
1231 3702 1659 3788 attingendus
1688 3702 1841 3789 fuit,
1910 3701 2129 3789 Caput
2151 3709 2379 3767 autem⁴
