2867 4334
837 360 980 412 Lm.
1017 360 1065 412 1.
1136 358 1292 412 CAP.
1330 360 1413 424 44,
1446 361 1528 412 45.
1601 358 1632 421 ς
1668 361 1912 412 157-161.
2294 362 2377 429 71

357 518 661 578 teneatur
716 509 1067 576 hominum
1123 508 1454 575 societate.
1569 507 1868 594 [Etenim
1926 510 2379 598 cognitionem

358 613 906 701 prudentiamque
956 619 1270 699 sequetur
1311 611 1723 677 considerata
1768 612 1975 696 aeti03
2028 613 2123 678 ita
2165 612 2265 696 fit,
2300 619 2379 678 ut

359 737 552 803 agere
587 715 992 782 considerate
1028 712 1236 801 pluris
1277 713 1363 779 sit
1398 735 1599 800 quam
1638 714 1928 800 cogitare
1963 714 2374 802 prudenter]

358 818 591 904 Atque
626 817 784 884 haee
822 817 1092 903 quidem
1128 815 1467 882 haetenus.
1557 815 1941 883 Patefactus
1981 817 2162 883 enim
2198 816 2379 883 loeus

314 928 459 986 sest
492 921 653 1006 ipse,
684 928 762 986 ut
796 941 929 985 non
966 918 1233 985 difficile
1273 919 1360 984 sit
1391 918 1466 982 in
1503 919 1912 1006 exquirendo
1947 918 2183 1009 officio,
2214 919 2379 1007 quid

359 1023 597 1122 quique
625 1023 711 1088 sit
739 1021 1305 1111 praeponendum,
1330 1021 1576 1088 videre.
1664 1021 1748 1087 In
1780 1023 1922 1109 ipsa
1955 1031 2181 1088 autem
2211 1044 2381 1090 com-

363 1127 684 1192 munitate
707 1133 863 1190 sunt
884 1124 1128 1211 gradus
1157 1122 1543 1208 officiorum,
1564 1146 1646 1191 ex
1668 1126 1931 1211 quibus,
1951 1126 2114 1212 quid
2143 1125 2380 1212 cuique

363 1235 667 1316 praestet,
697 1227 1000 1314 intellegi
1036 1227 1260 1314 possit,
1293 1235 1370 1292 ut
1403 1228 1620 1314 prima
1652 1228 1755 1293 dis
1790 1227 2266 1311 inmortalibuS‚
2289 1249 2381 1294 se-

361 1331 579 1396 cunda
612 1331 880 1418 patriae,
906 1331 1100 1396 tertia
1139 1330 1544 1416 parentibu3‚
1570 1330 1881 1417 deinceps
1919 1330 2247 1416 gradatim
2284 1351 2379 1396 re-

294 1455 347 1498 ιο
363 1433 561 1520 liquis
595 1434 977 1501 debeantur.
1068 1432 1327 1511 Quibus
1361 1454 1445 1498 ex
1478 1434 1672 1499 rebus
1710 1433 1999 1500 breviter
2028 1433 2377 1519 disputatis
2398 1439 2511 1494 161

361 1537 664 1626 intellegi
698 1545 917 1624 potest
952 1557 1085 1604 non
1124 1534 1334 1601 solum
1373 1535 1443 1601 id
1474 1535 1777 1603 homines
1812 1534 2019 1604 solere
2055 1535 2376 1619 dubitare,

361 1639 800 1707 honestumne
839 1661 924 1705 an
963 1647 1158 1726 turpe
1197 1638 1303 1721 sit,
1335 1639 1449 1704 sed
1486 1639 1687 1705 etiam
1728 1639 1986 1704 duobus
2024 1638 2380 1726 propositis

362 1743 657 1810 honestis
708 1751 933 1809 utrum
977 1741 1318 1808 honestius
1368 1742 1473 1807 sit.
1562 1741 1698 1808 Hie
1748 1741 1930 1808 loeus
1977 1763 2017 1806 a
2058 1740 2379 1807 Panaetio

363 1853 485 1930 est,
514 1854 592 1911 ut
629 1868 827 1935 supra
864 1846 1024 1931 dixi,
1054 1845 1571 1933 praetermissus.
1660 1844 1791 1912 Sed
1830 1843 1967 1909 iam
2003 1843 2087 1910 ad
2122 1843 2379 1932 reliqua

296 1972 350 2014 ιε
365 1969 733 2036 pergamus.
