2867 4334
437 396 522 460 54
1177 399 1183 405 ·
1219 389 1323 440 DE
1364 387 1674 440 omrmns

432 563 600 608 mus.
687 537 870 606 Nam
912 561 1142 627 regna,
1162 538 1462 625 imperia,
1486 537 1815 622 nobilitas,
1840 537 2140 622 honores,
2160 537 2450 624 divitiae,

433 665 591 730 opes
620 664 848 729 eaque,
871 663 1040 730 quae
1071 649 1225 708 sunt
1255 643 1368 708 his·
1393 642 1738 725 contraris„
1760 641 1831 706 in
1865 663 2015 707 casu
2050 642 2176 706 sita.
2203 648 2454 729 tempo·

432 747 614 812 ribus
647 744 1141 832 gubernantur3
1184 744 1313 830 ipsi
1346 751 1571 809 autem
1605 765 1835 830 gerere
1869 764 2069 831 quam
2105 764 2453 831 personam

432 847 735 930 velimus,
755 869 794 912 a
822 856 1045 913 nostra
1068 845 1408 914 voluntate
1429 845 1886 933 proficiscitur.
1975 844 2213 933 Itaque
2242 868 2311 912 se
2340 847 2453 912 alii

431 950 515 1017 ad
550 949 1056 1038 philosophiam,
1089 948 1201 1014 alii
1236 948 1321 1014 ad
1354 948 1460 1014 ius
1493 947 1711 1032 civile,
1738 948 1847 1014 alii
1886 947 1972 1014 ad
2005 947 2451 1035 eloquentiam
2482 970 2522 1010 z

432 1053 789 1140 applicant,
822 1053 1247 1140 ipsarumque
1297 1051 1625 1116 virtutum
1679 1052 1749 1115 in
1801 1050 1929 1116 alia
1975 1049 2144 1116 alius
2192 1051 2453 1118 mavult

298 1163 412 1218 116
431 1154 766 1222 excellere.
847 1153 1153 1232 Quorum
1181 1175 1340 1220 vero
1369 1159 1591 1239 patres
1618 1162 1733 1218 aut
1761 1152 2040 1218 maiores
2068 1152 2288 1239 aliqua
2315 1153 2451 1240 glo-

428 1257 527 1324 ria
548 1257 1044 1344 praestiterunt,
1063 1257 1116 1321 ii
1142 1256 1414 1322 student
1435 1255 1829 1342 plerumque
1857 1254 2091 1320 eodem
2114 1255 2185 1318 in
2208 1277 2452 1342 genere

429 1359 644 1426 laudis
679 1359 1016 1444 excellere,
1040 1366 1117 1425 ut
1153 1357 1236 1436 Q.
1256 1356 1639 1423 MuciusP.
1660 1357 1716 1422 f.
1740 1358 1812 1422 in
1846 1357 1992 1422 iure
2026 1357 2229 1441 civili,
2254 1357 2450 1424 Pauli

429 1462 607 1528 filius
641 1463 1008 1529 Africanus
1043 1462 1112 1526 in
1147 1481 1220 1526 re
1253 1459 1549 1524 militari.
1638 1458 1931 1537 Quidam
1966 1469 2190 1525 autem
2226 1461 2317 1526 ad·
2342 1477 2520 1526 casm

429 1565 674 1648 laudes,
691 1586 852 1651 quas
869 1587 908 1630 a
921 1563 1220 1650 patribus
1238 1583 1598 1648 acceperun
1606 1569 1653 1645 t,
1669 1562 1922 1627 addunt
1938 1561 2224 1648 aliquam
2242 1584 2449 1646 suam,

429 1674 507 1732 ut
542 1666 652 1732 hic
693 1665 873 1731 idem
917 1665 1282 1731 Africanus
1305 1662 1704 1750 eloquentia
1746 1663 2112 1729 cumulavit
2147 1664 2450 1730 bellicam

428 1767 749 1854 gloriam3
802 1765 982 1854 quod
1031 1765 1213 1831 idem
1262 1765 1428 1831 fecit
1474 1765 1865 1832 Timotheus
1910 1764 2203 1832 Cononis
2250 1765 2448 1849 filius,

431 1869 550 1956 qui
579 1890 730 1935 cum
759 1867 918 1934 belli
949 1867 1144 1933 laude
1171 1889 1306 1934 non
1337 1867 1617 1934 inferior
1643 1867 1881 1934 :fuisset
1909 1887 2109 1954 quam
2138 1876 2343 1954 pater,
2366 1869 2448 1934 ad

431 1993 578 2036 eam
609 1969 876 2036 laudem
912 1971 1250 2036 doctrinae
1286 1977 1360 2036 et.
1387 1971 1643 2057 ingenii
1678 1969 1955 2057 gloriam
1992 1970 2250 2036 adiecit.
2338 1970 2521 2036 Fitu

431 2081 653 2138 autem
689 2071 1048 2156 interdum,
1079 2079 1157 2137 ut
1191 2093 1325 2139 non
1362 2071 1535 2137 nulli
1569 2073 1809 2139 omissa
1842 2070 2451 2139 imitatione-maio·

429 2196 580 2240 rum
610 2196 806 2240 suum
835 2175 1168 2264 quoddam
1196 2175 1581 2241 institutum
1610 2184 2115 2261 consequantur,
2138 2175 2455 2242 maxime-

430 2297 562 2364 que
595 2277 666 2343 in
703 2299 783 2344 eo
818 2277 1212 2366 plerumque
1245 2277 1585 2346 elaborant
1618 2279 1699 2362 ii,
1720 2279 1837 2364 qui
1869 2297 2113 2364 magna
2144 2278 2271 2344 sibi
2306 2299 2453 2364 proe

297 2389 412 2450 11'7
431 2387 692 2468 ponunt
735 2381 1026 2448 obscuris
1077 2382 1204 2448 orti
1248 2381 1629 2468 maioribus.
1718 2379 1923 2446 Haec·
1950 2380 2159 2466 igitur
2205 2381 2448 2463 omnia,

429 2501 582 2549 cum
620 2485 1016 2571 quaerimus»,
1047 2483 1212 2572 quid
1247 2484 1495 2567 deceat,
1526 2481 1878 2569 complecti
1915 2482 2135 2547 animo
2176 2491 2245 2547 et
2280 2483 2521 2568 cogi-20

429 2586 683 2652 tatione
717 2587 1068 2670 debemus3
1112 2587 1180 2651 in
1216 2585 1457 2674 primis
1496 2593 1717 2651 autem
1754 2583 2291 2650 constituendum
2329 2591 2451 2665 est,

429 2709 596 2774 quos
624 2709 745 2754 nos
774 2695 842 2754 ct
870 2687 1272 2775 qualesesse
1300 2687 1585 2753 velimus
1614 2686 1780 2752 etin
1814 2707 1950 2774 quo
1981 2706 2223 2772 genere
2254 2685 2451 2768 vitae,

431 2811 603 2876 quae
621 2789 1008 2856 deliberatio
1031 2796 1130 2854 est
1153 2789 1453 2854 omnium
1474 2788 1881 2854 difficillima.
1962 2787 2248 2854 Ineunte
2271 2789 2451 2856 enim

431 2890 893 2973 adulescentia,
924 2912 1074 2957 cum
1111 2897 1210 2957 est
1243 2890 1533 2955 maxima
1566 2889 1961 2956 inbecillitas
1996 2891 2272 2978 consilii,
2303 2899 2449 2956 tum

430 2992 501 3057 id
539 2992 665 3057 sibi
693 2992 970 3079 quisque
1003 3012 1214 3078 genus
1249 2992 1483 3058 aetatis
1512 2992 1851 3079 degendae
1886 2994 2247 3077 constituit,
2270 2992 2447 3078 quod
2466 3012 2522 3052 m

431 3093 721 3161 maxime
748 3092 1118 3176 adamavit3
1162 3093 1387 3180 itaque
1421 3090 1576 3160 ante
1603 3093 1985 3181 implicatur
2018 3094 2240 3180 aliquo
2269 3101 2453 3160 certo

430 3217 675 3284 genere
713 3217 1040 3284 cursuque
1073 3196 1368 3280 vivendi,
1400 3217 1600 3283 quam
1634 3197 1875 3284 potuit,
1906 3196 2085 3282 quod
2120 3195 2451 3282 optimum

297 3309 414 3363 118
433 3306 620 3382 esset,
649 3297 978 3366 iudicare(
1047 3297 1228 3365 Nam
1273 3299 1453 3386 ‘3926
1489 3297 1853 3365 Herculem
1901 3298 2223 3364 Prodicus
2266 3297 2452 3382 dicit,

429 3408 509 3466 ut
554 3408 655 3467 est
705 3401 882 3488 apud
907 3400 1470 3488 {enophontem‚
1506 3423 1663 3467 cum
1706 3401 1999 3488 primum
2043 3401 2452 3488 pubesceret,

431 3502 612 3590 quod
651 3511 997 3590 tempusa
1038 3511 1275 3571 natura
1319 3503 1404 3569 ad
1447 3501 1909 3591 deligendum,
1930 3524 2134 3589 quam
2176 3503 2453 3588 quisque
2470 3521 2523 3563 so

431 3604 613 3668 viam
645 3605 921 3671 vivendi
956 3605 1044 3672 sit
1075 3607 1509 3694 ingressurus,
1540 3606 1771 3672 datum
1806 3612 1937 3688 esty
1958 3606 2169 3670 exisse
2203 3604 2272 3667 in
2310 3601 2456 3667 soli·

433 3704 738 3771 tudinem
765 3713 968 3794 atque
995 3707 1091 3774 ibi
1119 3706 1462 3774 sedentem
1489 3707 1607 3782 diu
1635 3727 1860 3772 secum
1889 3705 2312 3788 multumque
2337 3703 2455 3768 du-

56 3353 144 3399 Vm.
