2867 4334
967 380 1106 433 LIB.
1144 379 1248 432 111.
1320 379 1480 434 OAP.
1518 381 1601 444 20,
1633 381 1715 432 21.
1786 377 1817 441 ἓ
1853 381 2033 432 79-83.
2384 379 2513 446 153

498 529 924 602 tumutilitas
953 529 1097 613 ista,
1125 535 1296 617 q‘uae
1325 529 1590 615 dieitur,
1620 530 1853 616 possit,
1875 533 2202 617 quantum
2230 528 2512 613 auferre,

495 636 554 702 si
605 633 764 701 boni
817 632 946 698 viri
996 639 1242 700 nomen
1269 632 1631 720 eripuerit
1666 631 1867 700 fidem
1911 632 2369 720 iustitiamque
2409 633 2516 700 de-

497 739 816 808 traxerit?
903 738 1086 817 Quid
1133 737 1316 804 enim
1367 739 1664 820 intei·,est
1712 746 1937 804 utrum
1988 759 2075 806 ex
2123 737 2395 806 homine
2446 761 2517 806 se

498 849 842 911 convertat
867 841 1016 928 quis
1051 841 1122 906 iu
1151 840 1416 908 beluam
1458 861 1543 906 an
1586 839 1877 906 hominis
1916 840 2131 928 figura
2171 841 2516 908 inmanita-

455 969 486 1010 s
505 956 638 1013 tem
667 953 858 1034 gerat
885 943 1160 1012 beluae?
1257 993 1262 1000 2
1359 995 1364 998 .

589 1047 814 1128 Quid?
856 1047 974 1134 qui
1018 1044 1244 1112 omnia
1285 1047 1466 1110 recta
1508 1051 1577 1111 et
1610 1043 1887 1112 honesta
1919 1039 2304 1132 neglegunt,
2348 1047 2607 1116 dnmzl

500 1150 702 1228 modo
749 1148 1120 1237 potentiam
1171 1155 1674 1234 consequantur,
1728 1143 1967 1212 nonnex
2002 1145 2181 1212 idem
2238 1147 2515 1231 faciunt,

499 1251 682 1340 quod
715 1252 792 1335 is,
828 1251 945 1338 qui
989 1249 1190 1317 etiam
1234 1269 1533 1316 socerum
1578 1248 1821 1315 habere
1863 1247 2079 1314 voluit
2121 1267 2296 1331 eum,
2330 1250 2519 1316 cuius

501 1357 644 1444 ipse
692 1353 966 1422 audacia
1017 1360 1252 1440 potens
1297 1351 1513 1417 esset?
1598 1350 1789 1420 Utile
1835 1349 2287 1417 'ei-videbatur
2320 1350 2520 1438 pluri-

433 1478 489 1522 ιο
506 1466 688 1524 mum'
718 1477 907 1544 posse
935 1454 1206 1523 alterius
1235 1453 1523 1536 invidia3
1562 1452 1651 1520 id·
1683 1463 1887 1540 quam
1927 1451 2252 1518 iniustum
2295 1452 2365 1518 in
2412 1465 2517 1540 pa-

501 1559 700 1626 triam
735 1569 1038 1645 etquam
1074 1563 1272 1646 turpe
1313 1563 1506 1639 esset,
1536 1576 1671 1646 non
1724 1554 2007 1622 videbat.
2096 1553 2253 1642 Ipse
2294 1563 2520 1622 autem

501 1683 685 1730 socer
712 1663 783 1728 in
811 1683 925 1728 ore
954 1681 1216 1748 semper
1238 1659 1529 1749 Graecos
1560 1679 1785 1726 versus
1812 1658 1897 1725 de
1918 1657 2301 1725 Phoenissis
2328 1657 2520 1724 habe·

503 1766 634 1850 bat,
667 1786 836 1853 quos
869 1764 1106 1845 dicam,
1131 1769 1214 1832 ut
1243 1772 1496 1851 potero,
1542 1761 1881 1830 incondite
1922 1761 2222 1845 fortasse,
2268 1761 2385 1828 sed
2430 1769 2519 1827 ta-

499 1889 678 1990 men,
709 1875 785 1934 ut
813 1889 919 1936 res
945 1866 1153 1954 possit.
1180 1865 1519 1954 intellegi.

435 1997 488 2042 ιο
843 1986 996 2041 Nam
1019 1986 1072 2040 ss
1095 1975 1426 2040 violandum
1451 1988 1536 2040 est
1558 1984 1667 2055 ifis,
1690 1985 1967 2058 regnandi
1994 1985 2177 2060 gratia

613 2083 620 2088 ·
845 2071 1194 2128 violandum
1217 2078 1334 2141 est3
1361 2072 1489 2136 aliis
1509 2073 1676 2128 rebus
1688 2073 1965 2144 pietatem
1988 2075 2155 2130 colas.

505 2173 824 2265 Capitalis
855 2173 1186 2259 [Eteocles
1215 2174 1324 2240 vel
1351 2174 1577 2260 potius
1606 2173 2012 2262 Euripides]‚
2037 2179 2153 2264 qui
2182 2177 2253 2244 id
2282 2200 2514 2261 unum,

502 2278 682 2368 quod
713 2278 1013 2346 omnium
1043 2275 1615 2342 sceleratissimum
1642 2273 1874 2360 fuerit,
1902 2273 2273 2363 exceperitt
2335 2281 2517 2358 Quid
2538 2291 2613 2344 83

503 2383 713 2471 igitur
745 2380 1005 2446 minuta.
1038 2377 1431 2464 colligimus,
1464 2373 1879 2460 hereditates,
1914 2386 2327 2462 mercaturae,
2368 2403 2519 2446 ven-

437 2485 793 2552 mditiones'
820 2479 1320 2548 fraudulentas?
1349 2477 1502 2542 ecce
1530 2476 1675 2560 tibi,
1699 2477 1817 2562 qui
1840 2497 1954 2542 rex
1976 2479 2205 2564 populi
2227 2478 2521 2545 Romani

505 2586 948 2672 dominusque
975 2580 1275 2647 omnium
1311 2577 1617 2665 gentium
1652 2598 1793 2644 esse
1829 2579 2284 2664 concupiverit
2318 2580 2521 2667 idque

507 2685 900 2776 perfecerit!
988 2682 1185 2749 Hanc
1228 2680 1660 2769 cupiditatem
1704 2681 1761 2745 si
1808 2678 2149 2747 honestam
2192 2682 2341 2768 quis
2382 2703 2522 2748 esse

507 2790 690 2872 dicit,
713 2808 937 2855 amens
966 2794 1099 2869 est3
1131 2785 1370 2872 probat
1387 2783 1568 2849 enim
1597 2783 1821 2869 legum
1850 2789 1921 2848 et
1950 2781 2277 2852 libertatis·
2300 2785 2523 2852 interi-

510 2899 654 2958 tum
697 2911 1072 2977 earumque.
1097 2887 1591 2976 oppressionem
1637 2894 1913 2952 taetram
1950 2892 2020 2952 et
2063 2886 2522 2956 detestabilem

441 2992 855 3081 &gloriosam
887 2999 1096 3079 putat.
1165 2990 1300 3070 Qui
1330 2997 1552 3055 autem
1577 2987 1829 3055 fatetur
1849 2988 2203 3057 honestum
2227 3013 2361 3059 non
2386 3015 2524 3058 esse

509 3098 576 3163 in
609 3118 686 3163 ea
715 3095 999 3179 civitate,
1031 3116 1199 3183 quae
1232 3093 1441 3161 libera
1488 3093 1695 3169 fucrit
1737 3113 2042 3181 quaeque
2083 3115 2223 3160 esse
2266 3095 2521 3179 debeat,

508 3220 802 3287 regnare,
831 3197 948 3266 sed
977 3199 1060 3282 ei,
1083 3196 1294 3284 quiid
1323 3195 1546 3265 facere
1572 3195 1798 3283 possit,
1818 3217 1957 3262 esse
1988 3194 2171 3278 utile,
2196 3217 2325 3282 qna
2348 3197 2525 3263 hunc

509 3301 966 3389 obiurgatione
1015 3309 1130 3367 aut
1176 3321 1310 3386 quo
1354 3299 1577 3387 potius
1622 3297 1923 3365 convicio
1968 3318 2009 3362 a
2065 3305 2253 3363 tanto
2304 3320 2525 3364 errore

509 3424 710 3469 coner
735 3402 1058 3470 avellere?
1144 3401 1408 3469 Potest
1405 3402 1606 3483 enim,
1629 3401 1720 3466 di
1716 3393 2169 3468 immortales!
2216 3397 2523 3485 cuiquam

440 3528 497 3571 so
513 3525 650 3572 esse
678 3505 843 3572 utile
871 3505 1328 3572 foedissimum
1358 3511 1428 3571 et
1463 3501 1916 3570 taeterrimum
1953 3499 2380 3600 parricidium
2418 3524 2523 3588 pa-

510 3608 694 3692 triae,
731 3607 1030 3696 quamvis
1064 3608 1140 3690 is,
1178 3607 1295 3694 qui
1341 3626 1413 3672 se
1463 3626 1544 3672 eo
1591 3601 2037 3685 obstrinxerit,
2068 3602 2149 3668 ab
2196 3605 2526 3690 oppressis

510 3710 764 3776 civibus
794 3730 1030 3798 parens
1058 3707 1477 3776 nominetur?
1502 3705 1907 3864 qlfflionestate
1930 3704 2136 3792 igitur
2163 3704 2524 3793 derigenda
