2867 4334
361 351 446 417 93
1144 345 1248 398 DE
1289 337 1599 400 OFFICIIS

364 497 446 564 P.
483 495 741 584 Sulpici
769 496 1216 584 eloquentiam
1246 496 1578 563 accusatio.
1598 496 1999 582 inlustravit,
2030 519 2182 564 cum
2212 500 2376 566 sedi-

359 601 605 666 tiosum
651 606 722 665 et
763 598 1072 665 inutilem
1117 599 1354 682 civem,
1379 598 1457 664 O.
1494 597 1909 684 Norbanum,
1941 599 2014 665 in
2057 601 2375 667 iudicium

266 719 342 772 50
363 703 640 769 vocavit.
709 701 836 768 Sed
870 702 994 768 hoc
1028 701 1296 788 quidem
1315 722 1465 766 non
1497 693 1604 768 est¹
1624 723 1816 789 saepe
1845 702 2227 769 faciendum
2257 726 2379 771 nec

363 825 676 890 umquam
721 803 851 869 nisi
893 812 1009 869 aut
1050 804 1148 869 rei
1190 803 1495 891 publicae
1538 826 1751 887 causa,
1796 812 1875 872 ut
1916 804 1987 888 ii,
2016 827 2183 893 quos
2223 817 2377 873 ante

359 907 522 990 dixi,
559 914 675 972 aut
709 905 1086 990 ulciscendi,
1121 914 1202 972 ut
1246 906 1378 972 duo
1423 905 1707 990 Luculli,
1738 916 1854 973 aut
1896 909 2271 995 patrocinii,
2300 916 2379 976 ut
2416 931 2445 971 ο

360 1031 482 1075 nos
510 1031 632 1096 pro
668 1007 924 1092 Siculis,
960 1030 1081 1095 pro
1127 1009 1349 1074 Sardis
1391 1009 1461 1073 in
1500 1009 1793 1076 Albucio
1835 1009 2066 1076 Iulius.
2157 1011 2239 1076 In
2277 1033 2380 1078 ac-

363 1111 648 1178 cusando
697 1111 897 1177 etiam
944 1109 1063 1176 Μ’.
1101 1111 1380 1197 Aquilio
1427 1110 1503 1177 L.
1542 1111 1694 1177 Fufi
1746 1112 2011 1199 cognita
2051 1113 2379 1182 industria

360 1221 479 1280 est.
571 1212 788 1279 Semel
826 1213 1033 1300 igitur
1066 1222 1182 1278 aut
1225 1235 1356 1280 non
1403 1235 1598 1301 saepe
1640 1222 1837 1281 certe.
1927 1213 2048 1280 Sin
2094 1215 2239 1298 erit,
2271 1215 2379 1281 cui

359 1315 738 1382 faciendum
769 1316 856 1380 sit
884 1316 1161 1402 saepiuS,
1185 1316 1281 1381 rei
1305 1316 1608 1403 publicae
1630 1317 1879 1383 tribuat
1907 1316 2035 1384 hoc
2065 1319 2377 1400 muneriS,

361 1418 551 1484 cuius
578 1418 882 1484 inimicos
911 1417 1140 1484 ulcisci
1166 1419 1424 1505 saepius
1448 1439 1578 1484 non
1606 1426 1706 1483 est
1729 1419 2377 1506 reprehendendum3
2394 1442 2447 1483 ιο

361 1521 597 1587 modus
627 1528 849 1586 tamen
879 1521 1070 1586 adsit.
1145 1519 1320 1585 Duri
1351 1521 1527 1585 enim
1561 1519 1851 1586 hominis
1883 1522 1987 1586 vel
2017 1522 2241 1608 potius
2263 1525 2379 1587 vix

360 1623 650 1691 hominis
681 1623 948 1688 videtur
980 1620 1347 1709 periculum
1393 1621 1627 1708 capitis
1671 1621 1921 1688 inferre
1956 1622 2202 1688 multis.
2291 1623 2377 1688 Id

361 1747 514 1793 cum
550 1724 993 1814 periculosum
1028 1723 1153 1810 ipsi
1190 1730 1312 1804 est,
1349 1729 1496 1787 tum
1534 1722 1734 1787 etiam
1780 1723 2127 1808 sordidum·
2163 1725 2248 1789 ad
2282 1725 2377 1790 fa-

361 1851 560 1911 mam,
597 1827 1029 1907 committere,
1071 1833 1142 1890 ut
1177 1832 1510 1890 accusator
1543 1825 1923 1907 nominere3
1958 1825 2139 1913 quod
2174 1828 2376 1893 conti-

361 1932 463 2017 git
492 1930 588 1999 M.
620 1929 832 1996 Bruto
866 1950 1125 1994 summo
1153 1948 1395 2013 genere
1431 1935 1610 2010 nato,
1644 1926 1825 1993 illius
1866 1926 2028 2012 filio,
2065 1929 2182 2016 qu'i
2216 1931 2375 1996 iuris
2390 1953 2443 1996 ισ

269 2051 339 2104 51
365 2034 577 2101 civilis
605 2034 675 2098 in
710 2032 945 2119 primis
977 2032 1228 2117 peritus
1262 2030 1416 2096 fuit.
1510 2031 1983 2117 Atque-etiam
2028 2030 2155 2097 hoc
2198 2054 2378 2120 prae·

286 2183 290 2188 -
363 2135 630 2224 ceptum
676 2135 874 2201 officii
918 2133 1272 2220 diligenter
1316 2133 1679 2199 tenendum
1714 2141 1833 2217 est,
1869 2156 1955 2200 ne
1999 2156 2200 2221 quem
2236 2157 2375 2200 um·

363 2261 563 2327 quam
594 2240 1011 2304 innocentem
1041 2236 1287 2303 iudicio
1317 2238 1549 2323 capitis
1578 2257 1897 2318 arcessas;
1924 2236 1993 2301 id
2026 2238 2207 2305 enim
2236 2239 2379 2304 sine

363 2341 606 2406 scelere
641 2340 787 2405 fieri
817 2338 1004 2405 nullo
1032 2347 1228 2426 pacto
1259 2347 1498 2426 potest.
1584 2337 1764 2404 Nam
1795 2338 1956 2425 quid
1986 2347 2085 2404 est
2114 2349 2251 2406 tam
2279 2341 2380 2405 in-

363 2444 730 2510 humanum
761 2464 957 2529 quam
985 2441 1426 2529 eloquentiam
1452 2462 1490 2506 a
1514 2449 1746 2524 natura
1769 2440 1850 2506 ad
1874 2441 2151 2507 salutem
2175 2442 2447 2509 homi-20

363 2569 527 2612 num
562 2555 631 2613 et
665 2546 747 2611 ad
785 2545 1346 2612 conservationem
1385 2544 1606 2609 datam
1642 2544 1725 2608 ad
1765 2544 2086 2610 bonorum
2122 2554 2377 2632 pestem

363 2649 858 2736 perniciemque
885 2647 1312 2712 convertere?
1397 2645 1546 2711 Nec
1576 2655 1817 2728 tamen,
1852 2654 1925 2711 ut
1960 2646 2085 2712 hoc
2118 2646 2379 2732 fugien-

363 2749 524 2812 dum
583 2753 703 2825 est,
749 2746 912 2809 item
959 2751 1058 2809 est
1102 2744 1481 2809 habendum
1527 2744 1833 2830 religioni
1878 2753 2225 2812 nocentem
2270 2747 2379 2812 ali-

363 2847 646 2933 quando,
670 2845 870 2910 modo
893 2867 977 2909 ne
1000 2844 1328 2909 nefarium
1355 2845 1788 2931 impiumque,
1815 2847 2201 2932 defendere3
2232 2849 2380 2916 vult

362 2949 487 3014 hoc
523 2946 901 3027 multitudo,
934 2945 1188 3032 patitur
1218 2945 1646 3029 consuetudO,
1677 2946 1809 3012 fert
1847 2949 2451 3030 etiarnhumani-ss

363 3060 481 3118 tas.
571 3042 949 3115 Iudicis'est
977 3069 1236 3134 semper
1266 3048 1335 3112 in
1365 3047 1575 3114 causis
1611 3070 1841 3115 verum
1873 3051 2078 3138 sequi,
2114 3055 2377 3138 patroni

362 3176 498 3221 non
521 3172 883 3238 numquam
917 3151 1056 3216 veri
1090 3149 1326 3231 simile,
1349 3150 1608 3216 etiamsi
1638 3152 1861 3217 minus
1882 3153 1968 3218 sit
1992 3174 2247 3238 verum,
2272 3156 2377 3220 de·

362 3258 676 3335 sendere;
712 3253 890 3341 quod
920 3252 1221 3335 scribere,
1245 3254 1629 3340 praesertim
1663 3276 1815 3319 cum
1848 3254 1931 3320 de
1960 3253 2377 3344 philosophia

363 3355 735 3442 scriberem,
765 3379 896 3422 non
931 3355 1263 3438 auderem,
1295 3354 1423 3426 nisi
1458 3355 1631 3421 idem
1668 3355 1956 3442 placeret
1984 3359 2377 3444 gravissimo

365 3465 754 3544 Stoicorum,
785 3459 1122 3526 Panaetio.
1187 3457 1505 3526 Maxume
1534 3467 1756 3524 autem
1786 3466 1854 3524 et
1882 3459 2095 3545 gloria
2123 3463 2447 3549 paritura»

363 3575 432 3631 et
459 3566 670 3652 gratia
700 3562 1214 3644 defensionibus,
1246 3583 1457 3648 eoque
1488 3560 1713 3643 maior,
1738 3561 1793 3625 si
1824 3563 2089 3647 quando
2118 3563 2372 3644 accidit,

365 3677 442 3732 ut
476 3667 539 3732 ei
569 3665 1015 3747 subveniatur,
1047 3664 1162 3752 qui
1193 3665 1487 3750 potentis
1521 3662 1796 3729 alicuius
1831 3662 2069 3748 opibus
2102 3663 2375 3728 circum-
