2867 4334
336 367 464 432 102
1114 361 1217 412 m:
1262 361 1570 415 Orneus

333 536 473 582 sam
515 513 760 580 attulit.
850 512 1070 591 Quare
1113 519 1200 594 et,
1247 513 1302 577 si
1346 511 1723 599 postulatur
1764 533 1803 578 a
1846 517 2116 601 popule,
2152 515 2345 592 bonis

332 619 496 684 viris
551 616 607 682 si
658 637 790 682 non
841 615 1379 698 desiderantibuS,
1433 622 1504 680 at
1553 622 1775 681 tamen
1828 617 2347 704 adprobantibus

332 719 722 786 faciundum
752 724 870 801 est,
902 717 1100 783 modo
1129 739 1252 804 pro
1281 716 1729 801 facultatibuS,
1762 740 1882 784 nos
1916 719 2045 805 ipsi
2081 727 2157 786 ut
2190 720 2346 787 feci-

333 843 501 906 mus,
532 829 622 905 et,
646 821 703 886 si
731 820 998 908 quando
1028 819 1248 906 aliqua
1281 841 1384 886 res
1413 820 1623 886 maior
1656 828 1855 907 atque
1884 822 2114 888 utilior
2142 845 2346 911 popu·

332 924 457 990 lari
499 923 850 1011 largitione
893 922 1283 1010 adquiritur,
1321 930 1396 989 ut
1435 922 1656 989 Oresti
1700 945 1912 1010 nuper
1954 926 2229 1011 prandia
2270 927 2342 990 in
2382 949 2411 990 5

334 1026 586 1092 semitis
622 1027 936 1093 decumae
971 1025 1242 1092 nomine
1285 1047 1530 1113 magno
1572 1026 1808 1092 honori
1850 1027 2145 1094 fuerunt.
2232 1027 2345 1094 Ne

333 1127 430 1196 M.
462 1129 732 1216 quidem
765 1129 918 1195 Seio
952 1129 1120 1195 vitio
1155 1129 1384 1195 datum
1429 1136 1549 1213 est,
1582 1129 1762 1215 quod
1796 1129 1867 1193 in
1902 1131 2170 1196 caritate
2206 1152 2343 1196 asse

333 1233 632 1299 modium
676 1231 926 1320 populo
969 1232 1191 1314 dedit3
1236 1254 1477 1320 magna
1518 1233 1697 1297 enim
1744 1253 1814 1298 se
1863 1240 1931 1299 et
1980 1233 2347 1299 inveterata

332 1335 592 1401 invidia>
630 1357 752 1401 nec
788 1336 968 1422 turpi
1003 1336 1269 1418 iactura,
1293 1335 1567 1420 'quando
1602 1343 1742 1400 erat
1776 1336 2023 1420 aedilis,
2055 1359 2178 1402 nec
2212 1359 2347 1402 ma-

331 1437 513 1503 xima
546 1437 872 1504 liberavit.
963 1437 1096 1502 Sed
1140 1436 1376 1502 honori
1412 1458 1672 1502 summo
1716 1459 1929 1524 nuper
1963 1447 2185 1504 nostro
2220 1439 2344 1505 Mi·
2360 1457 2413 1498 10
2496 1499 2509 1510 ,

331 1539 472 1606 loni
514 1540 670 1622 fuit,
705 1540 822 1625 qui
855 1537 1328 1624 gladiatoribus
1362 1538 1603 1623 emptis
1645 1539 1742 1603 rei
1789 1539 2092 1624 publicae
2134 1562 2341 1624 causa,

331 1664 505 1729 quae
544 1642 756 1708 salute
789 1648 1014 1705 nostra
1048 1638 1525 1721 continebatur,
1556 1661 1786 1705 omnes
1820 1640 1900 1705 P.
1934 1640 2127 1706 Clodi
2158 1663 2344 1708 eona-

333 1752 438 1810 tus
493 1745 883 1827 furoresque
946 1741 1349 1826 compressit.
1445 1740 1656 1806 Causa
1711 1741 1921 1828 igitur
1975 1742 2343 1829 largitionis

237 1859 313 1912 59
332 1853 450 1928 est,
495 1845 550 1908 si
600 1853 717 1908 aut
766 1863 1026 1910 necesse
1067 1849 1165 1909 est
1209 1850 1324 1908 aut
1366 1843 1552 1909 utile.
1639 1841 1721 1908 In
1768 1843 1871 1908 his
1914 1851 2134 1910 autem
2180 1845 2340 1932 ipsis

329 1945 798 2013 mediocritatis
833 1947 1060 2034 regula
1089 1946 1339 2033 optima
1368 1953 1487 2012 est.
1576 1944 1651 2010 L.
1684 1947 1952 2033 quidem
1984 1946 2339 2036 Philippus
2356 1971 2407 2012 ιο

333 2049 414 2128 Q.
445 2049 520 2132 f.,
551 2070 794 2136 magno
829 2050 935 2114 vir
977 2048 1246 2138 ingenio
1290 2050 1359 2114 in
1404 2049 1769 2136 primisque
1813 2049 2041 2133 claruS,
2071 2050 2339 2137 gloriari

331 2151 581 2217 solebat
610 2173 680 2217 se
713 2153 856 2218 sine
890 2153 1030 2219 ullo
1064 2173 1340 2219 munere
1373 2152 1689 2239 adeptum
1726 2173 1863 2218 esse
1899 2154 2139 2237 omnia,
2173 2176 2341 2241 quae

330 2253 728 2320 haberentur
776 2254 1196 2342 amplissima.
1284 2254 1569 2321 Dicebat
1618 2253 1796 2320 idem
1850 2255 2065 2339 Cotta,
2115 2256 2338 2324 Curio.

328 2355 400 2424 N
403 2357 546 2424 obis
601 2379 867 2445 quoque
925 2359 1082 2425 licet
1139 2360 1210 2423 in
1267 2357 1395 2424 hoc
1447 2357 1733 2444 quodam
1784 2359 1983 2425 modo
2031 2358 2340 2446 gloriari3

288 2521 294 2527 .
328 2482 484 2526 nam
514 2483 634 2549 pro
664 2461 1103 2550 amplitudine
1137 2461 1487 2544 honorum,
1525 2482 1691 2548 quos
1725 2462 1978 2528 cunctis
2014 2462 2410 2550 suffragiisso

330 2565 552 2653 adepti
576 2586 800 2632 sumus
831 2573 1057 2631 nostro
1079 2566 1349 2653 quidem
1381 2585 1575 2647 anne,
1600 2565 1774 2650 quod
1801 2566 2083 2652 contigit
2111 2588 2338 2632 eorum

330 2668 602 2749 nemini,
649 2689 814 2754 quos
863 2668 1062 2732 modo
1107 2667 1467 2748 nominavi,
1514 2687 1669 2731 sane
1712 2668 1992 2754 exiguus
2038 2678 2343 2756 sumptus

236 2783 313 2836 60
331 2769 682 2834 aedilitatis
717 2769 870 2833 fuit.
959 2769 1190 2853 Atque
1225 2769 1426 2834 etiam
1461 2767 1612 2832 illae
1648 2769 1983 2856 impensae
2019 2771 2341 2856 melioreS,

332 2868 528 2951 muri,
561 2868 838 2951 navalia,
871 2877 1118 2955 portUS,
1150 2890 1470 2955 aquarum
1505 2867 1745 2934 ductus
1772 2873 2144 2958 omniaque,
2176 2896 2344 2961 quae

329 2970 415 3036 ad
464 2991 657 3035 usum
710 2971 804 3035 rei
860 2969 1164 3057 publicae
1221 2971 1579 3057 pertinent.
1671 2971 2110 3060 Quamquam,
2164 2977 2411 3062 quodzs

329 3093 633 3160 praesens
667 3079 1001 3159 tamquam
1031 3071 1102 3137 iu
1139 3095 1408 3138 manum
1442 3072 1655 3157 datur,
1686 3075 2038 3141 iucundius
2068 3085 2208 3159 est3
2254 3085 2343 3142 ta-

330 3197 486 3242 men
536 3174 696 3242 haec
750 3175 821 3240 in
880 3182 1217 3262 posterum
1275 3175 1582 3263 gratiora.
1673 3175 1975 3260 Theatra,
2028 3179 2340 3266 portieuS,

332 3301 502 3346 nova
535 3278 786 3367 templa
824 3279 1256 3344 verecundius
1289 3278 1701 3365 reprehendo
1732 3288 2004 3369 propter
2037 3281 2345 3371 Pompei-

291 3420 293 3422 ·
328 3404 465 3465 um,
497 3382 612 3448 sed
649 3380 1007 3448 doctissimi
1043 3372 1175 3448 nori
1213 3381 1518 3469 probant,
1554 3388 1631 3445 ut
1666 3388 1735 3446 et
1768 3381 1879 3448 hic
1922 3383 2065 3471 ipse
2098 3385 2344 3452 Panae-

329 3485 480 3569 tius,
505 3507 704 3573 quem
735 3485 1022 3550 multum
1053 3485 1123 3550 in
1155 3484 1258 3550 his
1286 3483 1475 3551 libris
1502 3492 1762 3550 secutus
1792 3506 1958 3570 sum,
1981 3508 2116 3553 non
2146 3489 2413 3554 inter-so

328 3594 641 3675 pretatus,
674 3595 743 3653 et
785 3587 1147 3656 Phalereus
1189 3587 1599 3668 DemetriuS,
1630 3587 1748 3673 qui
1783 3586 2130 3671 Periclem,
2167 3589 2344 3674 prin-

329 3689 544 3777 cipem
591 3689 923 3774 Graeciae,
963 3691 1316 3777 vituperat,
1353 3688 1532 3776 quod
1560 3683 1831 3754 ⁵tantam
1877 3690 2223 3776 pecuniam
2269 3689 2338 3754 iu
