2867 4334
883 371 1024 421 ΜΒ.
1062 370 1108 421 1.
1177 369 1338 422 CAP.
1377 372 1464 434 29,
1499 372 1583 421 ae.
1654 367 1685 431 5
1722 371 1968 422 104-109.
2347 369 2431 434 51

414 520 670 586 viribus
713 519 796 586 ad
839 518 1228 586 luctandum
1272 519 1516 601 valere,
1552 519 1849 606 itemque
1892 520 1963 584 in
2006 517 2244 586 formis
2286 517 2433 585 aliis

412 622 807 710 dignitatem
837 621 1070 705 inesse,
1101 621 1246 688 aliis
1277 624 1739 706 venustatem),
1768 622 1863 689 sic
1890 621 1963 687 in
1998 621 2237 688 animis
2270 622 2432 688 exis-

411 731 567 789 tunt
609 724 889 790 maiores
932 724 1136 790 etiam
1178 724 1545 790 varietates.
1636 722 1798 789 Erat
1840 724 1913 790 in
1949 723 2025 790 L.
2058 723 2313 807 Crasse,
2357 723 2428 789 in
2450 732 2565 788 108

411 825 488 891 L.
543 825 864 913 Philippo
915 826 1170 892 multus
1211 825 1415 914 lepos,
1463 825 1674 892 maier
1714 826 1919 892 etiam
1961 828 2303 914 magisque
2346 824 2432 892 de

365 927 738 994 sindnstria
779 927 850 992 in
891 927 966 994 C.
1007 927 1282 994 Caesare
1316 927 1391 993 L.
1427 926 1608 1011 filio3
1652 935 1722 993 at
1764 928 1979 994 isdem
2020 929 2432 1015 temporibus

412 1029 485 1094 in
539 1029 634 1094 M.
685 1029 930 1096 Scauro
973 1038 1042 1096 et
1086 1031 1156 1095 in
1203 1029 1299 1096 M.
1347 1029 1573 1095 Druso
1616 1028 2037 1104 adulescente
2079 1030 2432 1117 singularis

411 1132 744 1215 severitas,
774 1132 844 1196 in
878 1131 954 1200 C.
991 1132 1216 1199 Laelio
1245 1133 1458 1198 multa
1487 1131 1800 1216 hilaritas,
1831 1133 1903 1196 in
1938 1132 2082 1206 eins
2115 1133 2431 1199 familiari

413 1234 724 1321 Scipione
759 1235 1034 1301 ambitio
1069 1236 1297 1318 maior,
1334 1235 1475 1308 vita
1508 1234 1779 1301 tristior.
1868 1233 1977 1300 De
2012 1234 2282 1302 Graecis
2324 1253 2431 1312 auf
2532 1273 2537 1283 ·

411 1346 548 1403 tem
593 1336 858 1403 dulcem
903 1343 972 1404 et
1013 1335 1306 1403 facetum
1349 1337 1711 1426 festivique
1752 1337 2077 1404 sermonis
2118 1319 2430 1430 atqueCin
2455 1318 2595 1371 ‘sse'
2620 1323 2663 1424 f',
2698 1387 2707 1409 ,
2744 1382 2752 1401 .

341 1439 596 1507 inomni
624 1439 919 1506 oratione
947 1406 1420 1526 simulatorem}
1452 1461 1655 1526 quem
1691 1441 1915 1528 s'e'pmva
1948 1438 2189 1506 Graeci
2223 1413 2633 1542 nomigwf‘ss'v
2654 1459 2669 1484 ‘
2702 1467 2712 1476 ·
2764 1441 2801 1527 ,7

411 1549 674 1625 narunt,
729 1540 1064 1608 Socratem
1115 1527 1509 1629 accepimus,
1564 1551 1794 1608 contra
1850 1541 2304 1630 Pythagoram
2362 1549 2431 1609 et
2476 1516 2801 1586 ²³⁴⁴“m44‘
2825 1555 2839 1598 ¹

410 1643 741 1710 Periclem
793 1665 1119 1710 summam
1173 1644 1633 1712 auctoritatem
1682 1653 2067 1712 censecutos
2110 1645 2253 1710 sine
2294 1643 2433 1710 ulla

410 1745 760 1832 hilaritate.
849 1745 1186 1812 Callidum
1238 1745 1690 1812 Hannibalem
1751 1767 1836 1814 ex
1893 1745 2297 1829 Poenorum,
2345 1768 2431 1812 ex

414 1847 656 1914 nostris
699 1847 978 1914 ducibus
1013 1847 1098 1926 Q.
1127 1847 1504 1915 Maximum
1539 1850 1929 1936 accepimus,
1966 1847 2163 1916 facile
2196 1848 2429 1934 celare,

340 1957 648 2033 istaccre,
685 1949 1117 2033 dissimulare,
1161 1951 1479 2034 insidiari,
1526 1950 1903 2040 praeripere
1944 1949 2238 2018 hosium
2282 1972 2431 2018 con-

409 2052 574 2118 silia.
633 2051 719 2118 In
742 2074 875 2139 qne
895 2073 1140 2140 genere
1163 2053 1402 2120 Graeci
1426 2052 1941 2120 Themistoclem
1964 2062 2033 2120 et
2116 2053 2447 2120 hetaeum·

410 2153 717 2240 Iasonem
749 2156 984 2233 ceteris
1012 2162 1465 2242 anteponunt3
1500 2156 1571 2221 in
1602 2156 1967 2245 primisque
1992 2164 2333 2224 versutum
2360 2162 2432 2222 et

412 2256 722 2324 callidum
767 2257 1020 2324 factum
1067 2257 1347 2341 Solonis,
1383 2259 1523 2344 qui,
1567 2280 1703 2345 quo
1747 2267 1816 2324 et
1860 2259 2069 2324 tutior
2109 2260 2251 2325 eius
2294 2259 2433 2324 vita

411 2365 582 2425 esset
609 2366 679 2425 et
706 2359 1225 2446 plusaliquante
1254 2360 1351 2426 rei
1382 2360 1687 2446 publicae
1717 2360 2077 2448 prodesset,
2107 2359 2333 2426 furere
2360 2381 2431 2426 se

341 2461 771 2528 sosimulavit.
860 2463 1033 2529 Sunt
1062 2462 1166 2528 his
1195 2462 1310 2528 alii
1340 2462 1627 2528 multum
1658 2463 1972 2549 dispares,
2001 2461 2335 2548 simplices
2362 2468 2431 2528 et
2450 2469 2565 2526 109

412 2566 644 2652 aperti,
674 2564 792 2652 qui
833 2565 1006 2630 nihil
1046 2587 1130 2631 ex
1174 2565 1455 2647 occulte,
1486 2563 1657 2632 nihil
1690 2565 1774 2630 de
1807 2565 2066 2630 insidiis
2099 2563 2429 2650 agendum

412 2674 673 2754 putant,
707 2667 1001 2733 veritatis
1029 2666 1332 2750 cultores,
1369 2666 1627 2732 fraudis
1660 2665 1935 2751 inimici,
1966 2666 2261 2752 itemque
2294 2664 2428 2748 alii,

413 2770 532 2856 qui
561 2769 828 2856 quidvis
857 2769 1331 2856 perpetiantur,
1366 2768 1581 2837 cnivis
1608 2768 2007 2852 deserviant,
2035 2769 2220 2852 dnm,
2250 2768 2431 2854 qued

416 2871 647 2956 velint,
677 2878 1180 2958 consequantur,
1209 2880 1288 2938 ut
1318 2871 1571 2938 Sullam
1603 2879 1673 2938 et
1700 2871 1797 2938 M.
1824 2871 2137 2940 Crassum
2166 2870 2431 2938 videba-

343 2998 396 3039 25
419 2995 583 3040 mus.
661 2974 812 3052 Quo
841 2975 912 3037 in
942 2995 1184 3060 genere
1215 2975 1741 3041 versutissimum
1774 2982 1844 3042 et
1871 2974 2432 3062 patientissimum

412 3074 1000 3143 Lacedaemonium
1031 3074 1447 3160 Lysandrum
1476 3078 1865 3165 accepimns,
1898 3084 2257 3164 contraque
2287 3076 2431 3143 Cal-

412 3176 805 3260 lieratidam,
834 3177 952 3264 qui
980 3175 1356 3264 praefectus
1389 3178 1608 3246 classis
1638 3181 1981 3269 proximus
2008 3187 2159 3266 pest
2188 3178 2430 3264 Lysan-

412 3280 609 3346 drum
651 3280 830 3362 fnit3
869 3280 1170 3366 itemque
1205 3278 1276 3345 in
1321 3283 1737 3351 sermonibus
1768 3283 1971 3350 alium
2014 3283 2427 3368 [quemque],

410 3384 715 3470 quamvis
743 3390 1135 3470 praepotens
1169 3383 1276 3468 sit,
1306 3384 1583 3468 efficere,
1612 3393 1692 3451 ut
1718 3407 1892 3450 unus
1921 3385 2007 3450 de
2034 3381 2263 3448 multis
2290 3399 2430 3448 esse

343 3484 752 3567 aovideatur3
796 3485 977 3571 qued
1014 3484 1084 3549 in
1123 3483 1381 3569 Catule,
1412 3493 1483 3553 et
1516 3487 1588 3551 in
1619 3494 1805 3572 patre
1835 3493 1905 3550 et
1939 3485 2017 3558 in,
2052 3483 2214 3565 filio,
2245 3484 2431 3549 item·

415 3605 546 3673 que
573 3585 645 3650 in
677 3585 761 3664 Q.
784 3586 1015 3653 Mucio
1038 3586 1080 3668 †
1103 3586 1374 3653 Mancia
1395 3587 1705 3652 vidimus.
1772 3585 2032 3652 Audivi
2058 3606 2145 3651 ex
2170 3585 2432 3652 maiori·

416 3687 540 3755 bus
574 3696 736 3754 natu
779 3687 906 3755 hec
947 3688 1126 3754 idem
1171 3688 1378 3755 fnisse
1409 3688 1495 3760 ,in
1530 3686 1611 3753 P.
1646 3686 1955 3774 Scipione
1986 3685 2249 3773 Nasica,
2284 3710 2431 3757 eon-
