2867 4334
912 387 1054 437 LIB.
1091 385 1169 438 11.
1238 385 1396 438 CAP.
1438 387 1519 449 10,
1552 389 1631 437 11.
1706 384 1735 447 ς
1768 387 1948 436 35-40.
2358 387 2441 448 93

425 538 687 604 maioris
714 536 922 624 partis
951 535 1205 601 animos
1233 558 1271 601 a
1300 537 1567 602 virtute·
1584 525 1982 623 detorquent
2018 540 2105 618 et,
2137 533 2441 600 dolorum

423 663 577 708 cum
607 640 1049 712 admoventur
1075 637 1272 718 faceS‚
1303 646 1565 725 praeter
1594 638 1866 704 modum
1900 636 2199 725 plerique
2236 645 2442 702 exter-

425 750 692 825 rentur3
735 741 876 805 vita
908 761 1107 823 mors,
1147 740 1420 805 divitiae
1468 747 1818 827 paupertas
1865 760 2093 806 omnes
2137 737 2441 805 homines

429 841 1005 917 vehementissime
1055 847 1469 928 permovent.
1560 842 1748 920 Quae
1801 843 1918 929 qui
1969 841 2040 906 in
2094 848 2441 928 utramque

380 953 680 1034 spartem
726 943 984 1011 excelso
1030 943 1252 1010 animo
1297 965 1671 1032 magnoque
1716 944 2109 1031 despiciunt,
2155 965 2442 1030 cumque

424 1049 642 1135 aliqua
677 1046 758 1112 iis
791 1044 1010 1132 ampla
1045 1054 1114 1112 et
1147 1046 1423 1114 honesta
1456 1068 1562 1112 res
1596 1046 1852 1113 obiecta
1886 1054 2005 1129 est,
2038 1053 2212 1112 totos
2246 1045 2328 1111 ad
2372 1067 2443 1111 se

425 1149 752 1216 convertit
783 1156 850 1214 et
879 1148 1072 1234 rapit,
1104 1154 1250 1212 tum
1286 1147 1437 1234 quis
1464 1169 1599 1214 non
1631 1147 1994 1213 admiretur
2022 1146 2441 1234 splendorem

425 1251 1126 1340 pulchritudinemque
1164 1250 1477 1317 virtutis?
1563 1249 1743 1338 Ergo
1779 1259 1848 1316 et
1882 1250 2041 1316 haec
2084 1249 2291 1314 animi
2334 1219 2537 1362 &¹2ssss

425 1355 771 1442 spicientia
823 1352 1404 1418 admirabilitatem
1456 1375 1763 1440 magnam
1807 1352 1971 1419 facit
2014 1360 2083 1418 et
2134 1357 2443 1417 maxume

359 1479 412 1520 10
429 1457 699 1540 iustitia,
734 1477 814 1521 ex
844 1477 975 1542 qua
1008 1477 1139 1520 una
1176 1453 1422 1522 virtute
1454 1457 1582 1521 viri
1616 1455 1769 1522 boni
1800 1455 2236 1542 appellantur,
2270 1453 2450 1518 miri··
2526 1491 2533 1500 ι

426 1558 552 1625 fica
591 1557 1376 1646 quaedammultitudini
1421 1558 1706 1640 videtur,
1755 1578 1878 1625 nec
1921 1557 2200 1639 iniuria3
2246 1577 2443 1624 nemo

428 1661 606 1727 enim
638 1662 848 1726 iustus
878 1681 1016 1726 csse
1051 1668 1289 1746 potest,
1327 1660 1445 1747 qui
1483 1668 1784 1744 mortem,
1820 1660 1938 1746 qui
1974 1658 2289 1742 dolorem,
2326 1657 2443 1745 qui

429 1764 723 1847 exilium,
755 1763 872 1850 qui
903 1769 1264 1849 egestatem
1296 1763 1507 1846 timet,
1539 1770 1654 1828 aut
1684 1763 1799 1849 qui
1830 1785 1925 1846 ea,
1957 1783 2126 1849 quae
2156 1769 2309 1826 sunt
2340 1760 2445 1825 his

428 1867 777 1948 contraria,
803 1866 1120 1953 aequitati
1152 1867 1515 1952 anteponit.
1579 1865 2017 1952 Maximeque.
2035 1864 2445 1930 admirantur

361 1994 414 2035 15
430 1990 603 2052 eum,
629 1969 745 2054 qui
775 1968 1056 2055 pecunia
1085 1989 1219 2033 non
1253 1976 1595 2051 movetur3
1631 1968 1810 2055 quod
1844 1968 1915 2032 in
1954 1990 2087 2055 quo
2125 1968 2268 2033 viro
2304 1989 2445 2054 per-

429 2078 730 2157 spectum
765 2071 870 2152 sit,
902 2069 1082 2136 hunc
1117 2070 1260 2156 igni
1296 2078 1663 2158 spectatum
1699 2071 2120 2136 arbitrantur.
2208 2069 2445 2156 Itaque

428 2171 545 2236 illa
578 2172 722 2254 tria,
753 2193 922 2258 quac
951 2173 1287 2258 proposita
1316 2181 1473 2238 sunt
1502 2173 1583 2238 ad
1612 2172 1914 2260 gloriam,
1946 2173 2167 2238 omnia
2195 2171 2447 2237 iustitia

431 2272 717 2356 conficit,
743 2284 810 2339 et
841 2275 1377 2359 benivolentiam,
1401 2276 1578 2362 quod
1609 2275 1917 2362 prodesse
1949 2275 2093 2340 vult
2122 2274 2445 2360 plurimiS,

433 2383 500 2441 et
531 2378 615 2442 ob
647 2377 922 2442 eandem
951 2399 1209 2444 causam
1240 2377 1440 2444 fidem
1474 2386 1543 2443 et
1577 2377 2098 2458 admirationem,
2130 2376 2309 2462 quod
2340 2397 2449 2440 eas

364 2500 536 2547 sores
587 2480 841 2565 spernit
885 2489 959 2552 ‚et
1010 2480 1325 2568 neglegit,
1362 2481 1445 2546 ad
1493 2501 1655 2567 quas
1705 2477 2006 2566 plerique
2057 2475 2449 2540 inflammati

431 2582 748 2647 aviditate
777 2584 1144 2669 rapiuntur.

517 2686 625 2752 Ac
654 2707 802 2751 mea
823 2685 1091 2772 quidem
1122 2685 1448 2752 sententia
1471 2685 1689 2752 omnis
1711 2684 1875 2750 ratio
1900 2691 2097 2770 atque
2119 2682 2447 2749 institutio
2468 2696 2543 2750 39

435 2787 612 2852 vitae
654 2787 1032 2852 adiumenta
1075 2787 1420 2853 hominum
1466 2788 1810 2870 desiderat,
1846 2787 1917 2851 in
1967 2787 2329 2874 primisque
2371 2793 2448 2852 ut

435 2887 695 2970 habeat,
718 2888 1111 2974 quibuscum
1145 2891 1350 2975 possit
1381 2890 1736 2957 familiares
1758 2889 2060 2956 conferre
2084 2911 2447 2973 sermones3

369 2991 614 3076 wquod
649 2996 747 3055 est
782 2988 1067 3073 difficile,
1099 2991 1226 3056 nisi
1269 2993 1555 3078 speciem
1600 3015 1757 3079 prae
1793 2999 1859 3059 te
1898 2993 2054 3059 boni
2089 2993 2216 3057 viri
2252 2993 2444 3060 feraS.

437 3092 616 3180 Ergo
646 3093 845 3158 etiam
876 3093 1168 3158 solitario
1191 3092 1447 3160 homini
1476 3102 1676 3182 atque
1700 3096 1768 3161 in
1799 3117 1957 3182 agro
1989 3096 2192 3160 vitam
2225 3097 2449 3182 agenti
2526 3133 2529 3138 -

439 3196 664 3282 opinio
693 3196 982 3261 iustitiae
1013 3197 1369 3262 necessaria
1399 3205 1516 3280 est,
1542 3219 1750 3285 eoque
1773 3201 1969 3264 etiam
1997 3199 2223 3284 magiS,
2248 3198 2447 3283 quod,

438 3319 582 3365 eam
611 3299 669 3364 si
697 3317 828 3364 non
860 3297 1218 3382 habebunt,
1254 3301 1511 3384 [iniusti
1542 3301 2009 3382 habebuntur,]
2042 3299 2243 3364 nullis
2270 3321 2455 3384 prae··

437 3398 622 3464 sidiis
650 3401 857 3486 saepti
887 3400 1116 3466 multis
1141 3401 1509 3468 afficientur
1531 3403 1809 3476 iniuriis.
1873 3402 2103 3486 Atque
2124 3401 2207 3465 iis
2229 3401 2446 3484 etiam,
2468 3417 2545 3470 40

369 3501 556 3587 coqui
587 3501 885 3567 vendunt
913 3511 1166 3586 emunt,
1199 3505 1574 3570 conducunt
1604 3504 1823 3569 locant
1860 3500 2449 3588 contrahendisque

437 3604 720 3692 negotiis
754 3605 1197 3693 implicantur,
1235 3606 1488 3672 iustitia
1522 3603 1603 3670 ad
1649 3626 1791 3670 rem
1834 3603 2187 3691 gerendam
2234 3625 2449 3671 neces-

436 3707 602 3773 saria
653 3714 772 3790 est,
795 3708 996 3774 vcuius
1047 3715 1230 3798 tanta
1282 3708 1384 3773 vis
1435 3713 1554 3790 est,
1592 3713 1668 3774 ut
1717 3727 1805 3774 ne
1852 3706 1949 3771 illi
2002 3704 2294 3795 quidem,
2330 3712 2449 3797 qui
