2867 4334
413 381 542 448 146
1192 377 1296 430 m
1341 377 1647 432 ornans
1683 409 1688 415 -

413 528 687 598 omuino
717 534 978 595 tantum
1009 549 1079 595 se
1108 535 1308 616 negat
1329 523 1663 594 facturum
1688 526 2069 616 compendii
2092 526 2194 593 sui
2216 549 2425 611 causa,

413 632 596 719 quod
630 653 764 698 non
800 631 1011 698 liceat.
1101 629 1283 697 Huic
1317 649 1439 696 nec
1471 628 1613 697 laus
1647 651 1887 717 magua
1920 628 2273 706 tribuenda
2304 651 2428 697 nec

321 753 398 808 64
414 734 626 823 gratia
654 741 772 801 est.
862 733 1014 816 Sed,
1045 732 1184 799 sive
1213 740 1282 799 et
1309 731 1644 799 simulatio
1673 740 1742 797 et
1770 731 2209 798 dissimulatio
2238 733 2430 799 dolus

415 828 630 904 malus
657 844 776 920 est,
808 856 1171 924 perpaucae
1200 855 1302 900 res
1331 842 1507 918 sunt,
1539 835 1607 899 iu
1640 835 2044 921 quibus'non
2079 834 2269 900 dolus
2302 857 2431 900 ma-

415 938 524 1006 lus
549 938 674 1005 iste
701 945 1019 1021 versetur,
1050 937 1192 1003 sive
1219 937 1326 1003 vir
1354 938 1565 1003 bonus
1594 945 1692 1003 est
1722 937 1797 1020 is,
1829 937 1945 1024 qui
1976 936 2264 1023 prodest,
2288 937 2430 1023 qui·
2470 962 2501 1001 s

417 1041 540 1109 bus
585 1049 824 1128 potest,
869 1046 1065 1107 nocet
1111 1038 1384 1122 nemini,
1431 1047 1611 1106 certe
1660 1039 1865 1106 istum
1911 1039 2130 1104 virum
2177 1037 2429 1105 bonum

416 1169 554 1213 non
583 1146 777 1213 facile
807 1145 1192 1234 reperimus.
1279 1137 1674 1231 Numquam
1707 1145 1918 1230 igitur
1950 1151 2049 1210 est
2085 1142 2251 1211 utile
2284 1165 2431 1232 pec-

417 1271 586 1333 care,
634 1250 790 1337 quia
833 1271 1094 1336 semper
1142 1254 1242 1314 est
1290 1255 1505 1336 turpe,
1541 1256 1631 1331 et,
1668 1248 1826 1334 quia
1868 1267 2129 1335 semper
2175 1254 2275 1313 est
2320 1247 2435 1314 ho-

419 1360 684 1419 nestum
714 1353 934 1418 virum
969 1353 1218 1418 bonum
1248 1370 1408 1433 esse,
1442 1371 1702 1436 semper
1729 1357 1830 1416 est
1860 1349 2044 1415 utile.

328 1432 416 1500 ¹⁶
508 1456 616 1522 Ac
661 1455 745 1522 de
789 1454 935 1520 iure
980 1453 1254 1540 quidem
1292 1452 1713 1540 praediorum
1758 1461 2059 1518 sanctum
2103 1453 2281 1539 apud
2316 1474 2433 1520 nos
2450 1477 2503 1518 ιο

369 1525 404 1577 ⁵
422 1565 521 1624 est
549 1557 694 1623 iure
722 1555 924 1640 civili,
957 1566 1032 1621 ut
1060 1555 1132 1620 in
1162 1555 1244 1620 iis
1267 1554 1632 1620 vendendis
1663 1554 1824 1620 vitia
1845 1555 2242 1638 dicerentur,
2267 1575 2435 1642 quae

421 1667 581 1726 nota
607 1664 823 1725 essent
850 1657 1202 1724 venditori.
1289 1655 1491 1740 Nam,
1524 1678 1672 1722 cum
1706 1678 1788 1722 ex
1817 1650 2167 1723 duodecim
2198 1656 2435 1724 tabulis

424 1763 581 1829 satis
615 1768 784 1828 esset
819 1781 894 1826 ea
937 1755 1273 1846 praestari,
1305 1780 1475 1845 quae
1518 1749 1737 1825 esseut
1770 1758 2001 1847 lingua
2034 1768 2434 1846 nuncupata,

421 1885 592 1950 quae
620 1863 737 1950 qui
765 1860 1090 1926 infitiatus
1123 1868 1312 1944 esset,
1344 1861 1535 1947 dupli
1568 1881 1851 1947 poenam
1894 1861 2165 1945 subiret,
2200 1883 2240 1927 a
2273 1862 2437 1927 iuris

421 1964 745 2032 consultis
786 1963 986 2030 etiam
1023 1962 1404 2029 reticentiae
1440 1984 1655 2050 poena
1688 1969 1790 2029 est
1824 1963 2215 2048 constituta3
2259 1964 2506 2052 quic-1⁵

423 2066 585 2154 quid
615 2065 792 2133 enim
825 2073 993 2132 esset
1021 2064 1092 2130 in
1129 2065 1398 2153 praedio
1444 2065 1617 2149 vitii,-
1650 2065 1721 2130 id
1764 2072 2156 2151 statuerunt,
2194 2068 2249 2132 si
2287 2089 2437 2135 ven-

426 2170 602 2236 ditor
623 2170 839 2254 sciret,
860 2169 988 2235 nisi
1013 2168 1408 2235 nominatim
1431 2169 1684 2235 dictum
1706 2176 1894 2250 esset,
1917 2171 2227 2255 praestari
2254 2192 2437 2258 opor-

331 2286 408 2341 66
427 2280 586 2339 tere.
673 2271 793 2355 Ut,
824 2293 977 2337 cum
1009 2270 1079 2336 in
1109 2291 1259 2337 arce
1293 2270 1645 2359 augurium
1674 2291 1955 2357 augures
1982 2272 2192 2337 acturi
2222 2267 2439 2338 essent

426 2374 902 2462 iussissentque
937 2373 1040 2441 Ti.
1074 2373 1429 2441 Claudium
1468 2371 1956 2456 Centumalum,
1987 2374 2105 2460 qui
2139 2375 2331 2442 aedes
2363 2376 2435 2439 iu

427 2471 654 2546 Caelio
701 2486 927 2545 monte
978 2477 1281 2560 habebat,
1330 2475 1637 2544 demoliri
1688 2497 1784 2559 ea,
1833 2497 2117 2562 quorum
2154 2477 2508 2544 altitudow

425 2581 714 2649 officeret
761 2579 1086 2668 auspiciis,
1132 2578 1452 2646 Claudius
1496 2577 1878 2666 proscripsit
1919 2577 2199 2644 insulam
2226 2594 2230 2598 ·
2256 2581 2439 2662 [ven-

427 2683 652 2768 didit]‚
688 2683 852 2748 emit
895 2681 974 2747 P.
1008 2675 1407 2768 Calpurnius
1448 2679 1785 2746 Lanarius.
1880 2678 2063 2746 Huic
2111 2681 2196 2747 ab
2237 2702 2437 2768 augu-

425 2785 608 2850 ribus
663 2783 828 2850 illud
886 2783 1066 2849 idem
1123 2783 1587 2850 denuntiatum
1645 2790 1763 2848 est.
1816 2827 1821 2832 -
1870 2781 2107 2870 Itaque
2165 2783 2437 2872 Calpur-

427 2885 580 2950 nius
605 2905 755 2950 cum
784 2883 1140 2950 demolitus
1162 2891 1331 2951 esset
1361 2881 1834 2971 cognossetque
1858 2884 2219 2952 Claudium*
2243 2881 2439 2953 aedes

425 2994 654 3075 postea
682 2982 1161 3074 proscripsisse,
1183 3007 1392 3074 quam·
1420 2982 1589 3053 esset
1624 2988 1708 3053 ab
1742 2988 2097 3074 auguribus
2132 2989 2507 3056 demolirias

428 3091 658 3175 iussuS,
689 3089 1008 3156 arbitrum
1039 3087 1230 3155 illum
1265 3089 1510 3178 adegit,
1552 3111 1873 3166 cumeum
1919 3112 2045 3157 s1131
2092 3111 2275 3156 DARE
2322 3113 2438 3158 FA-

430 3215 604 3260 cmm
646 3214 1029 3260 oromatum
1071 3213 1166 3258 nx
1207 3214 1366 3258 FIDE
1406 3212 1606 3259 BONA.
1694 3192 1791 3259 M.
1832 3193 1998 3260 Cato
2041 3193 2436 3260 sententiam

429 3297 621 3380 dixit,
650 3295 848 3362 huius
877 3295 1084 3361 nostri
1117 3295 1390 3363 Catonis
1418 3303 1606 3382 pater
1636 3295 1737 3380 (ut
1766 3297 1947 3361 enim
1981 3297 2183 3363 ceteri
2218 3320 2300 3364 ex
2329 3321 2439 3387 pa-

431 3400 662 3481 tribus,
691 3399 785 3465 sic
829 3398 954 3482 hic,
986 3397 1105 3485 qui
1148 3397 1318 3464 illud
1359 3398 1588 3464 lumen
1634 3398 2007 3485 progenuit,
2040 3421 2123 3465 ex
2164 3399 2303 3468 filio
2338 3409 2439 3468 est

427 3500 1034 3587 nominandus)—is
1069 3501 1280 3589 igitur
1312 3500 1517 3566 iudex
1558 3499 1653 3565 ita
1694 3502 2187 3587 pronuntiavit:
2222 3506 2261 3540 ‘⁶
2284 3524 2435 3568 cum
2453 3521 2507 3563 so

427 3603 501 3667 in
554 3603 909 3670 vendundo
960 3625 1100 3670 rem
1151 3625 1298 3669 eam
1347 3603 1569 3670 scisset
1619 3609 1689 3667 et
1746 3624 1879 3668 non
1933 3603 2435 3690 pronuntiasset,

333 3715 410 3776 67
430 3705 714 3794 emptori
747 3705 1066 3772 damnum
1097 3705 1417 3793 praestari
1450 3704 1815 3793 oportere.'’
1902 3704 2081 3792 Ergo
2114 3704 2201 3770 ad
2233 3702 2438 3773 fidem
