2867 4334
52 888 269 1010 “niu-'⁰

186 1605 281 1684 V

330 3453 424 3524 42

320 3546 438 3599 150

457 383 541 447 66
1234 379 1336 431 DE
1378 379 1685 433 Ochns

455 530 592 597 ficii
641 549 883 618 genere
929 529 1203 618 placeat,
1241 530 1605 618 exquirere.
1692 527 1910 595 Maior
1960 526 2139 593 enim
2189 547 2341 614 pars
2390 547 2469 592 eo

455 633 616 716 fere·
649 633 898 699 deferri
954 632 1138 719 solet,
1177 655 1309 720 quo
1360 654 1400 698 a
1447 640 1687 697 natura
1734 631 1879 718 ipsa
1927 629 2298 698 deducitur.
2384 627 2472 694 In

455 736 695 822 quibus
715 734 1082 802 videndum
1111 745 1230 820 est,
1254 757 1390 802 non
1418 735 1618 801 modo
1648 734 1813 821 quid
1832 733 2113 822 quisque
2141 732 2469 819 loquatur,

455 838 569 903 sed
591 838 791 904 etiam
817 839 978 926 quid
1001 839 1282 926 quisque
1310 838 1552 904 sent-iat
1571 844 1773 924 atque
1800 837 2003 904 etiam
2026 836 2109 902 de
2132 857 2262 923 qua
2282 857 2474 903 causa

327 983 352 1030 7
455 941 733 1026 quisque
771 941 1029 1006 sentiat.
1119 939 1217 1006 Ut
1255 941 1437 1006 enim
1471 940 1756 1027 pictores
1792 947 1863 1006 et
1894 939 1965 1023 ii,
1996 939 2115 1026 qni
2153 939 2341 1038 signa
2377 937 2472 1004 fa-
2504 938 2539 1001 {5

333 1046 342 1070 ¹
459 1043 809 1129 biicantur,
845 1051 914 1110 et
947 1065 1106 1111 vero
1150 1043 1350 1110 etiam
1394 1050 1629 1131 poetae
1670 1064 1865 1122 suum
1908 1042 2187 1129 quisque
2230 1063 2397 1129 opus
2432 1063 2472 1107 a

461 1145 660 1232 vulgo
707 1146 1101 1213 considerari
1143 1146 1312 1230 vult,
1349 1154 1445 1230 ut,
1484 1146 1541 1212 si
1582 1145 1745 1233 quid
1788 1143 2260 1230 reprehensum
2304 1145 2389 1210 sit
2432 1167 2473 1210 a

460 1246 775 1333 pluribus,
798 1248 870 1314 id
909 1249 1292 1336 corrigatur,
1315 1248 1498 1335 iique
1536 1253 1605 1313 et
1638 1267 1861 1312 secum
1899 1252 1967 1312 et
2001 1247 2083 1312 ab
2118 1245 2283 1330 aliis,
2308 1246 2471 1333 quid

455 1349 528 1413 iu
563 1357 1017 1437 eopeecatum
1053 1352 1160 1434 sit,
1191 1351 1571 1437 exquirunt,
1600 1348 1695 1414 sic
1728 1347 2010 1414 aliorum
2044 1348 2291 1414 iudicio
2326 1370 2473 1436 per.-

457 1446 667 1514 multa
701 1450 892 1516 nobis
925 1457 994 1517 et
1021 1450 1326 1525 facienda
1359 1456 1429 1515 et
1459 1471 1593 1515 non
1621 1447 1924 1514 facienda
1958 1456 2027 1513 et
2056 1447 2371 1514 mutanda
2404 1455 2471 1514 et
2486 1469 2539 1512 ιο

324 1564 438 1618 148
458 1552 842 1638 corrigenda
865 1560 1038 1618 sunt.
1120 1551 1309 1630 Quae
1330 1572 1489 1617 vero
1513 1572 1694 1616 more
1716 1558 1999 1636 agentur
2018 1551 2471 1637 institutisque

457 1653 784 1737 civilibus,
807 1654 892 1720 de
919 1654 1004 1719 iis
1030 1652 1201 1718 nihil
1227 1661 1327 1720 est
1355 1653 1893 1740 praecipiendum
1916 1673 1935 1735 3
1977 1651 2092 1717 illa
2120 1653 2297 1717 enim
2327 1651 2471 1738 ipsa

459 1763 808 1844 praecepta
835 1763 1010 1839 sunt,
1032 1776 1156 1822 nec
1185 1777 1586 1842 quemquam
1608 1755 1735 1822 hoc
1763 1777 1983 1822 errore
2003 1755 2157 1820 duci
2186 1761 2467 1842 oportet,

458 1865 554 1939 ut,
579 1858 634 1922 si
670 1856 829 1943 quid
869 1856 1168 1923 Socrates
1201 1866 1317 1923 aut
1350 1859 1739 1945 Aristippus
1772 1865 2000 1924 contra
2033 1879 2289 1923 morem
2324 1878 2471 1923 con·

458 1957 1012 2044 suetudinemque
1042 1959 1302 2026 civilem
1325 1959 1611 2026 fecerint-
1639 1959 1929 2026 locutive
1958 1959 2111 2041 sint,
2134 1959 2315 2024 idem
2344 1959 2469 2025 sibi
2486 1981 2539 2024 ιε

457 2061 812 2127 arbitretur
845 2061 1081 2144 licere3
1121 2063 1382 2148 magnis
1424 2062 1525 2127 illi
1565 2069 1636 2128 et
1670 2062 1915 2128 divinis
1958 2062 2151 2130 bonis
2191 2060 2361 2128 hanc
2398 2061 2470 2126 li.-

457 2163 744 2230 centiam
773 2165 1300 2251 assequebantur.
1391 2164 1796 2252 Cynicorum
1827 2187 1985 2230 vero
2013 2165 2183 2231 ratio
2204 2172 2345 2231 tota
2372 2171 2473 2239 est

456 2265 790 2349 eicienda3
835 2273 935 2332 est
969 2268 1149 2334 enim
1187 2267 1455 2334 inimica
1490 2267 1945 2358 verecundiae,
1966 2269 2109 2333 sine
2138 2289 2269 2354 qua
2302 2266 2471 2332 nihil

324 2381 438 2436 149
459 2377 713 2435 rectum
757 2390 896 2435 esse
933 2377 1172 2458 potest,
1201 2369 1371 2435 nihil
1407 2371 1778 2437 honestum.
1866 2369 1999 2436 Eos
2042 2379 2287 2453 autem,
2317 2391 2472 2456 quo-

457 2491 608 2536 rum
635 2471 776 2537 vita
803 2481 1144 2560 perspecta
1177 2472 1247 2537 in
1284 2474 1482 2539 rebus
1508 2472 1803 2538 honestis
1834 2479 2033 2558 atque
2062 2472 2321 2558 magnis
2348 2479 2469 2554 est,
2486 2459 2541 2540 so

457 2575 627 2641 bene
661 2575 747 2640 de
779 2595 852 2641 re
885 2576 1150 2662 publica
1185 2575 1545 2642 sentientes
1578 2596 1655 2642 ac
1686 2575 1853 2641 bene
1887 2574 2157 2640 meritos
2192 2580 2306 2639 aut
2341 2595 2472 2638 me-

455 2686 676 2743 rentes
710 2677 803 2743 sic
837 2684 914 2742 ut
948 2677 1170 2764 aliquo
1205 2676 1457 2745 honore
1492 2685 1606 2744 aut
1640 2677 1923 2764 imperio
1956 2676 2227 2743 affectos
2260 2677 2473 2742 obser·

455 2800 614 2844 vare
643 2785 716 2844 ‚et
751 2778 963 2844 colere
998 2780 1333 2863 debemus,
1365 2780 1659 2845 tribuere
1692 2780 1893 2846 etiam
1934 2780 2223 2846 multum
2258 2800 2473 2846 senec·

456 2880 608 2962 tuti,
639 2879 870 2945 cedere
912 2880 1014 2963 iis,
1045 2881 1162 2966 qui
1199 2881 1658 2967 magistratum
1700 2881 2058 2965 habebunt,
2090 2880 2349 2968 habere⁴
2373 2882 2473 2947 di-

455 2981 705 3047 lectum
749 2981 913 3047 civis
955 2990 1023 3048 et
1057 2984 1392 3069 peregrini
1435 2984 1505 3049 in
1551 2984 1827 3071 ipsoque
1869 2985 2238 3072 peregrino,
2261 2985 2542 3070 priva-25

454 3083 668 3149 timue
709 3105 795 3149 an
830 3083 1097 3171 publice
1137 3086 1416 3152 venerit.
1504 3086 1619 3152 Ad
1659 3107 2005 3170 summam,
2037 3109 2125 3152 ne
2160 3107 2353 3172 agam
2388 3086 2472 3152 de

455 3185 752 3273 singulis,
785 3207 1204 3253 communem
1239 3188 1445 3272 totius
1486 3189 1749 3276 generis
1783 3187 2130 3254 hominum
2158 3187 2473 3264 ‘concilia-

453 3289 707 3356 tionem
771 3296 840 3354 et
903 3289 1457 3358 consociationem
1522 3290 1757 3375 colere,
1804 3291 1995 3374 tueri,
2042 3310 2303 3356 servare
2366 3290 2473 3356 de-

454 3390 707 3457 bemus.
1181 3389 1184 3392 ’

540 3493 686 3560 Iam
717 3493 802 3560 de
841 3492 1134 3583 artificiis
1163 3501 1233 3560 et
1261 3495 1660 3583 quaestibuS‚
1685 3496 1802 3581 qui
1829 3495 2133 3562 liberales
2162 3495 2469 3577 habendi,
2489 3517 2541 3558 so

453 3595 572 3682 qui
601 3595 848 3662 sordidi
877 3597 1032 3680 sint,
1052 3596 1213 3664 haec
1241 3598 1386 3664 fere
1413 3599 1804 3684 accepimus.
1893 3596 2199 3667 Primum
2231 3598 2473 3682 impro-

455 3697 698 3763 bantur
745 3698 796 3763 ii
845 3706 1174 3785 quaestus,
1210 3701 1329 3787 qui
1376 3700 1452 3765 in
1500 3699 1653 3766 odia
1696 3697 2047 3766 hominum
2099 3700 2467 3782 incurrunt,
