2867 4334
951 364 1092 417 LIB.
1131 365 1234 418 111.
1307 364 1464 418 CAP.
1505 367 1683 418 18-20.
1756 363 1787 427 ἓ
1822 365 1999 418 74-79.
2343 363 2469 430 15],

459 524 658 606 q'ua'm
713 516 1186 600 iudicaturum,·
1232 526 1322 582 ne·
1361 522 1476 581 aut
1520 515 1831 604 spoliaret
1888 515 2069 582 fama
2117 515 2471 604 probatum

457 619 818 704 hominem,
849 619 907 685 si
935 627 1164 686 contra
1191 618 1634 702 iudicavisset,
1658 626 1773 684 aut
1802 618 2105 687 statuisse
2123 618 2473 702 ‘videretur

458 723 679 790 ritum
713 724 965 790 bonum
1000 743 1140 788 esse
1173 721 1483 809 aliquem,
1519 742 1672 788 cum
1717 742 1795 787 ea
1837 743 1941 786 res
1983 721 2474 790 innumerabili-

458 825 583 892 bus
615 824 847 916 officiis
874 831 943 891 et
971 823 1276 892 laudibus
1309 824 1778 891 contineretur.
1868 822 2049 890 Huic
2084 823 2292 911 igitur
2326 825 2472 891 viro

417 952 444 991 s
461 929 654 1012 bono,
686 948 886 1015 quem
906 926 1202 993 Fimbria
1224 927 1448 1009 etiam,
1470 947 1604 992 non
1631 925 1829 992 modo
1854 925 2152 992 Socrates
2174 934 2470 1009 noverat,

458 1029 644 1096 nullo
672 1030 873 1096 modo
894 1028 1103 1095 videri
1125 1035 1345 1116 potest
1369 1027 1729 1115 quicquam
1752 1049 1893 1094 esse
1923 1028 2105 1112 utile,
2127 1027 2307 1115 quod
2336 1049 2469 1094 non

457 1131 810 1198 honestum
847 1132 951 1197 sit.
1040 1130 1278 1218 Itaque
1319 1130 1471 1196 talis
1507 1131 1612 1195 vir
1654 1151 1792 1196 non
1837 1130 2037 1196 modo
2081 1129 2321 1213 facere,
2356 1131 2471 1196 sed

458 1255 544 1300 ne
565 1234 853 1322 cogitare
875 1233 1148 1322 quidem
1177 1232 1532 1320 quicquam
1563 1232 1854 1315 audebit,
1878 1232 2056 1318 quod
2080 1253 2212 1298 non
2236 1232 2474 1318 audeat

459 1337 876 1426 praedicare.⁴
941 1335 1125 1402 Haec
1159 1356 1294 1401 non
1331 1343 1528 1422 turpe
1562 1341 1662 1401 est
1690 1333 1993 1401 dubitare
2024 1333 2471 1422 philosophos,

392 1459 626 1526 1oquae
655 1459 741 1505 ne
775 1438 1003 1506 rustici
1039 1437 1312 1525 quidem
1348 1437 1707 1505 dubitent?
1750 1459 1791 1502 a
1833 1437 2072 1524 quibus
2106 1443 2336 1502 natum
2372 1444 2473 1502 est

459 1540 566 1624 id,
604 1542 782 1628 quod
840 1542 972 1606 iam
1033 1541 1396 1631 contritum
1435 1547 1556 1607 'est
1612 1547 1991 1624 vetustate,
2022 1539 2470 1627 proverbium.

461 1643 634 1710 Cum
663 1644 841 1710 enim
888 1643 1092 1710 fidem
1135 1643 1410 1711 alicuius
1450 1643 1946 1730 bonitatemque
1994 1642 2284 1726 laudant,
2334 1643 2473 1730 dig-

460 1768 624 1812 num
667 1767 806 1813 esse
856 1746 1107 1830 dicunt,
1145 1745 1475 1833 “quicum
1519 1746 1591 1812 in
1636 1745 1926 1812 tenebris
1970 1745 2229 1812 mices.’'
2320 1745 2473 1812 Hoc

457 1869 659 1935 quam
701 1847 902 1916 habet
945 1850 1082 1914 vim
1127 1848 1256 1914 nisi
1298 1848 1503 1932 illam,
1539 1848 1709 1914 nihil
1752 1849 2083 1936 expedire,
2114 1848 2292 1936 quod
2336 1869 2471 1914 non

390 1951 709 2034 wdeceat,
767 1950 1024 2018 etiamsi
1081 1951 1150 2017 id
1209 1952 1415 2039 possis
1471 1950 1657 2017 nullo
1721 1951 2068 2018 refellente
2130 1951 2470 2039 optinere?

457 2053 758 2120 Videsne
798 2053 924 2122 hoc
965 2055 1316 2141 proverbio
1359 2075 1577 2142 neque
1613 2053 1795 2141 Gygi
1830 2053 1929 2119 illi
1972 2076 2162 2142 posse
2207 2055 2469 2122 veniam
2490 2061 2567 2121 ’18

458 2156 603 2222 dari
636 2177 852 2244 neque
880 2157 1058 2241 huic,
1089 2178 1288 2244 quem
1324 2156 1711 2245 pauloante
1744 2156 2088 2243 fingebam-
2106 2158 2470 2245 digitorum

457 2260 876 2350 percussione
905 2260 1299 2326 hereditates
1328 2260 1627 2326 omnium
1657 2280 1848 2346 posse
1875 2261 2301 2327 converrere?
2374 2261 2473 2327 Ut

459 2362 660 2446 enim,
711 2363 889 2451 quod
928 2369 1120 2449 turpe
1165 2371 1285 2445 est,
1329 2362 1420 2445 id,
1466 2361 1772 2449 quamvis
1821 2360 2207 2445 occultetur,
2246 2370 2471 2428 tamen

392 2463 808 2531 ”honestum
845 2463 990 2530 fieri
1026 2463 1212 2530 nullo
1246 2464 1448 2530 modo
1482 2470 1721 2551 potest,
1756 2463 2081 2550 sic,⁴quod
2118 2462 2467 2528 honestum

459 2588 593 2633 non
623 2575 743 2651 est,
774 2567 842 2634 id
881 2566 1046 2634 utile
1081 2574 1157 2633 nt
1191 2568 1297 2651 sit,
1333 2565 1504 2635 effici
1540 2587 1675 2632 non
1713 2571 1930 2653 potest
1972 2566 2358 2633 adversante
2401 2574 2470 2633 et

458 2678 869 2758 repugnante
904 2676 1155 2738 natura.
1552 2725 1557 2734 .
2121 2724 2129 2732 .

543 2773 646 2838 At
667 2772 865 2855 enim,
890 2794 1042 2838 cum
1064 2793 1423 2860 permagna
1452 2773 1743 2860 praemia
1771 2780 1948 2858 sunt,
1976 2779 2075 2838 est
2105 2793 2295 2840 causa
2323 2746 2567 2893 pec-27⁰9

458 2874 671 2941 candi.
763 2874 839 2942 O.
870 2873 1124 2941 Marius
1152 2896 1305 2941 cum
1342 2897 1383 2940 a
1417 2897 1535 2963 spe
1569 2876 1946 2943 consulatus
1984 2875 2183 2963 longe
2217 2877 2469 2944 abesset

393 2985 529 3044 met
561 2977 691 3043 iam
731 2976 1092 3065 septimum
1121 2997 1368 3042 annum
1402 2985 1553 3065 post
1581 2987 1956 3066 praeturam
1983 2980 2222 3046 iaceret
2256 2985 2473 3068 'neque

458 3080 788 3167 petiturus
817 3099 1134 3166 nmquam
1165 3079 1579 3146 consulatum
1604 3081 1959 3166 videretur,
1992 3081 2074 3161 Q.
2098 3081 2471 3165 Metellum,

461 3182 646 3250 euius
679 3181 1127 3270 legatusterat,
1158 3203 1495 3249 summum
1540 3184 1758 3250 virum
1802 3191 1871 3250 et
1912 3185 2147 3266 civem,
2192 3207 2345 3250 cum
2390 3186 2473 3250 ab

459 3305 561 3366 e0,
607 3284 1001 3370 imperatore
1045 3305 1196 3367 suc,
1229 3283 1515 3351 Romam
1558 3286 1796 3351 missus
1839 3294 2030 3368 esset,
2066 3285 2240 3371 apud
2271 3306 2477 3371 popu·

460 3385 604 3450 lum
632 3383 1012 3453 Romanum
1042 3386 1430 3453 criminatus
1458 3395 1561 3454 est
1589 3386 1837 3453 bellum
1868 3387 2060 3452 illum
2092 3387 2374 3468 ducere3
2419 3387 2474 3451 si

394 3509 532 3554 sose
582 3487 918 3554 consulem
969 3489 1296 3572 fecissent,
1343 3489 1532 3556 brevi
1580 3497 1876 3574 tempore
1923 3497 2039 3552 aut
2084 3489 2315 3552 vivum
2360 3495 2475 3552 aut
2570 3539 2573 3544 .

461 3597 803 3656 mortuum
837 3589 1234 3677 Iugurtham
1271 3611 1340 3656 se
1375 3591 1447 3656 in
1485 3597 1877 3678 potestatem
1922 3588 2153 3677 populi
2188 3588 2476 3656 Romani

461 3688 908 3760 redacturum.
996 3691 1236 3779 Itaque
1265 3693 1486 3760 factus
1514 3699 1614 3759 est
1647 3691 1760 3759 ille
1790 3693 2060 3780 quidem
2092 3693 2337 3778 consul,
2360 3693 2475 3761 sed
