2867 4334
934 351 1072 446 nm.
1110 396 1192 458 1..f
1223 393 1384 460 QAP.
1421 395 1499 458 14,
1532 397 1627 461 ιδ(
1684 391 1715 455 5
1748 395 1923 458 43749.
2336 396 2431 464 ,29

402 546 602 614 -Nam
631 545 828 626 fortis
857 544 1216 611 animuset
1245 563 1525 632 magnus
1552 544 1625 610 in
1660 543 1932 611 homine
1966 565 2101 612 non
2131 543 2433 632 perfeeto

416 673 544 717 nee
595 649 893 767 sapiente
941 637 1312 715 ferventior
1353 647 1749 735 plerumque
1791 656 1911 731 est,
1957 637 2109 714 illae
2153 647 2435 730 virtutes

417 754 671 829 bonum
704 751 924 816 virum
959 749 1271 816 videntur
1304 751 1527 838 potius
1570 749 1919 837 attingere.
2007 750 2238 838 Atque
2272 749 2434 816 haee

393 855 489 923 in
524 854 835 920 moribus.

368 977 398 1016 s
506 957 614 1022 De
658 954 1104 1022 benivolentia
1147 963 1386 1038 autem,
1433 976 1630 1042 quam
1677 956 1955 1043 quisque
1998 948 2249 1023 habeat
2278 976 2433 1043 erga
2450 961 2526 1018 47

418 1081 558 1142 nos,
589 1059 882 1157 primum
919 1057 1087 1123 illud
1123 1064 1222 1123 est
1258 1057 1328 1122 in
1359 1057 1593 1140 officio,
1624 1066 1703 1123 ut
1732 1059 1794 1124 ei
1831 1058 2196 1146 plurimum
2233 1059 2435 1124 tribu·

418 1183 624 1244 amus,
657 1183 696 1226 a
736 1182 872 1247 quo
913 1159 1279 1247 plurimum
1330 1159 1706 1246 diligamur,
1752 1160 1863 1225 sed
1918 1161 2431 1226 benivolentiam

392 1283 554 1330 .non
585 1262 1225 1329 adulescentulorum
1254 1284 1440 1328 more
1465 1255 1701 1328 lardore
1730 1261 2013 1348 quodam
2038 1263 2297 1345 amoriS,
2320 1262 2435 1344 sed

416 1366 776 1432 stabilitate
816 1366 1043 1452 potius
1086 1373 1154 1431 et
1198 1365 1593 1431 constantia
1609 1365 1993 1444 iudicemus.
2056 1364 2203 1431 sin
2240 1371 2436 1447 erunt

319 1489 400 1545 ..ιο
421 1468 677 1550 merita,
715 1477 790 1534 ut
818 1483 951 1534 non
983 1467 1293 1550 ineunda,
1325 1468 1440 1533 sed
1472 1467 1821 1533 referenda
1849 1467 1935 1532 sit
1963 1467 2195 1554 gratia,
2229 1467 2438 1533 maior

391 1571 739 1658 -quaedam
791 1591 967 1637 eura.
998 1559 1369 1639 adhibenda
1419 1579 1557 1653 est3
1608 1570 1867 1649 nullum
1920 1570 2101 1636 enim
2145 1569 2435 1647 officium

397 1673 766 1750 sreferenda
803 1673 1029 1760 gratia
1081 1672 1292 1760 inagis
1344 1673 1780 1754 necessarium
1807 1679 1949 1738 est.
2041 1672 2295 1751 Quodsi
2338 1681 2530 1757 ea,48

403 1792 586 1862 ⁸¹quae
615 1775 864 1854 utenda
891 1766 1236 1861 aeceperiS,
1263 1774 1509 1840 maiore
1538 1765 1860 1858 mensura,
1890 1775 1948 1840 si
1979 1774 2177 1841 modo
2207 1775 2433 1862 possis,

409 1878 606 1958 ⁵iubet
647 1877 923 1954 reddere
973 1876 1327 1959 Hesiodus,
1359 1876 1679 1964 quidnam
1732 1876 2051 1954 beneficio
2097 1880 2436 1965 provocati

324 2000 402 2052 11.ss
420 1980 641 2050 faeere
683 1978 1045 2058 debemus?
1096 2000 1179 2051 an
1225 1973 1472 2044 imitari
1515 2001 1707 2066 agros
1748 1980 2024 2062 fertiles,
2062 1981 2177 2066 qui
2222 1981 2436 2061 multo

399 2081 570 2169 ⁴plus
593 2080 880 2161 efferunt
904 2102 1100 2168 quam
1133 2083 1571 2168 aeceperunt?
1635 2081 1905 2165 Etenim
1935 2075 2089 2148 siin
2114 2103 2246 2165 eos,
2269 2103 2453 2169 quos·
2501 2155 2504 2158 ,

397 2203 760 2271 speramus
789 2184 978 2262 nobis
1009 2183 1414 2271 profuturos,
1448 2205 1587 2255 non
1625 2183 2005 2262 dubitamus
2042 2183 2253 2250 officia
2287 2205 2438 2250 eon-

422 2286 619 2368 ferre,
643 2284 869 2373 quales
904 2286 976 2349 in
1007 2307 1118 2351 eos
1147 2307 1286 2352 esse
1315 2286 1655 2369 debemus,
1684 2287 1800 2372 qui
1827 2287 1959 2351 iam
1993 2285 2437 2372 profuerunt?

402 2385 600 2458 Nam
653 2409 804 2468 curn
841 2387 1021 2452 --duo
1047 2409 1290 2473 genera
1334 2387 1747 2469 liberalitatis
1793 2387 1949 2470 sint3
1976 2408 2187 2451 unum
2234 2387 2438 2453 dandi

327 2511 404 2567 (ιο
423 2486 748 2570 beneficii,
801 2486 1081 2552 alterum
1135 2487 1495 2570 reddendi‚¹-
1531 2487 1765 2552 demus
1811 2506 2045 2567 neone,
2094 2486 2164 2549 in
2218 2494 2441 2552 nostra

421 2596 747 2676 potestate
776 2596 894 2671 est,
919 2610 1051 2655 non
1067 2585 1359 2655 reddere
1390 2589 1535 2654 viro
1567 2588 1740 2654 bono
1768 2608 1903 2652 non
1933 2585 2108 2668 lieet,
2138 2586 2339 2652 modo
2366 2588 2437 2653 id

422 2690 638 2758 facere
667 2691 874 2778 possit
903 2691 1044 2756 sine
1073 2691 1334 2756 iniuria.
1409 2691 1858 2777 Acceptorum
1888 2696 2112 2754 autem
2142 2687 2438 2756 benefici·
2455 2702 2533 2756 49

403 2815 613 2878 „orum
644 2802 800 2876 sunt
829 2787 1105 2860 dilectus
1134 2793 1442 2878 habendi,
1473 2815 1595 2860 nee
1623 2792 1923 2876 dubium,
1954 2793 2115 2879 quin
2147 2793 2439 2860 maximo

423 2896 662 2983 cuique
697 2895 1062 2983 plurimum
1098 2895 1433 2962 debeatur.
1476 2921 1483 2926 ·
1524 2895 1605 2961 In
1644 2916 1777 2983 quo
1815 2903 2036 2962 tamen
2080 2895 2149 2960 in
2188 2896 2436 2982 primis,

348 2995 559 3084 gsquo
583 2999 884 3084 ‘quis-que
925 2997 1457 3082 anim0,·studio3
1489 2997 1936 3064 benivolentia
1978 2997 2234 3080 feeerit,
2282 3019 2440 3086 pon·

425 3099 790 3166 derandum
835 3109 951 3166 est.
1041 3099 1244 3165 Multi
1289 3101 1468 3186 enim
1515 3100 1773 3166 faciunt
1816 3100 2033 3184 multaj
2068 3100 2439 3188 temeritate

424 3203 708 3289 quadam
745 3202 891 3294 siue-
922 3201 1168 3268 iudicio
1198 3202 1306 3294 vel
1341 3203 1573 3268 morbo
1609 3203 1678 3268 in
1706 3224 1934 3268 omnes
1957 3202 2064 3268 vel
2090 3203 2438 3289 repentino

423 3305 709 3390 quodam
742 3305 929 3392 quasi
959 3311 1163 3370 vento
1196 3305 1457 3392 impetu
1486 3305 1691 3370 animi
1721 3305 2013 3384 incitati3
2050 3324 2221 3389 quae
2250 3305 2439 3369 bene-

421 3405 575 3471 fieia
609 3427 814 3492 aeque
860 3428 1102 3493 magna
1152 3428 1284 3473 non
1339 3417 1497 3473 sunt
1545 3406 1848 3472 habenda
1899 3413 2097 3490 atque
2148 3427 2240 3487 ea,
2272 3425 2440 3490 quae

350 3531 406 3572 ω
424 3507 690 3590 iudicio,
722 3508 1128 3575 considerate
1160 3517 1667 3593 constanterque
1697 3506 1913 3572 delata
1942 3511 2115 3570 sunt.
2206 3505 2336 3572 Sed
2366 3507 2436 3573 in

418 3609 804 3698 collocando
851 3608 1287 3677 benefieioet
1329 3611 1403 3696 in
1457 3607 1806 3674 referenda
1856 3606 2087 3694 gratia,
2118 3607 2175 3672 si
2226 3616 2439 3676 eetera

405 3713 602 3800 ¹paria
636 3715 814 3795 sunt,
845 3710 973 3778 hoe
1002 3732 1310 3778 maxume
1341 3709 1549 3800 offleii
1568 3715 1692 3798 ρει,
1708 3716 1805 3798 ut·
1824 3709 2101 3798 quisque
2130 3731 2439 3798 maxume
