2867 4334
435 405 561 470 160
1139 461 1146 466 ,
1215 400 1318 454 nr.
1361 399 1669 456 ormcns

433 575 584 622 cum
627 553 856 620 consul
899 552 1144 621 iterum
1186 553 1258 618 in
1275 551 1529 620 Africa
1568 571 1653 618 ex
1695 551 1953 622 insidiis
1995 558 2237 642 captus.⁴
2276 561 2447 623 esset

432 657 599 742 duce
619 655 1013 744 Xanthippo
1035 655 1576 738 Lacedaemonio,
1597 655 1992 744 imperatore
2014 663 2238 724 autem
2260 663 2447 744 patre

432 757 832 825 Hannibalis
875 757 1273 841 Hamilcare,
1303 757 1557 823 iuratus
1592 757 1826 826 missus
1860 763 1961 825 est
1992 755 2078 822 ad
2122 765 2444 842 senatum,

433 868 530 944 ut,
567 861 694 927 nisi
737 859 987 926 redditi
1017 866 1240 944 esseut·
1277 857 1522 926 Poenis
1565 857 1812 946 captivi
1852 858 2109 926 nobiles
2150 861 2442 948 quidam,

433 962 679 1030 rediret
727 963 872 1050 ipse
915 961 1443 1050 Carthaginem..
1482 960 1565 1027 'Is
1607 983 1763 1028 cum
1805 960 2093 1028 Romam
2136 964 2441 1047 venisset,
2484 983 2515 1022 δ

433 1066 744 1133 utilitatis
769 1066 1053 1154 speciem
1083 1065 1372 1148 videbat,
1404 1063 1520 1147 sed
1548 1085 1715 1147 cam,
1746 1070 1824 1129 ut
1858 1085 1961 1130 res
1988 1064 2294 1148 declarat,
2323 1065 2444 1131 fal-

431 1189 572 1235 sam
615 1168 972 1250 iudicavit3
1017 1188 1186 1255 qnae
1219 1174 1360 1234 erat
1394 1165 1579 1232 talis:
1608 1173 1891 1234 'manere
1930 1167 2003 1232 in
2036 1168 2267 1254 patria,
2302 1189 2443 1234 esse

431 1270 660 1337 domui
689 1291 845 1336 suae
875 1291 1028 1336 cum
1061 1273 1284 1352 uxore',
1315 1289 1471 1334 cum
1500 1268 1749 1350 liberis,
1771 1288 1969 1354 quam
2000 1268 2445 1336 calamitatem

432 1374 784 1460 accepisset
813 1374 884 1437 in
922 1371 1117 1455 belle,
1147 1391 1573 1442 communem
1604 1369 1919 1437 fortunae
1964 1370 2261 1462 bellicae
2279 1371 2447 1437 iudi-

432 1483 694 1542 cantem
723 1483 950 1545 tenere
978 1473 1336 1541 consularis
1355 1473 1704 1559 dignitatis
1730 1473 2033 1559 gradum.
2100 1473 2267 1552 Quis
2287 1474 2515 1542 haec-,1⁰

436 1581 638 1664 negat
663 1599 803 1645 esse
836 1577 1080 1644 utilia?
1116 1597 1315 1664 quem
1351 1575 1674 1643 censes?
1675 1573 2104 1663 Magnitudo
2137 1577 2343 1690 animi
2378 1584 2447 1644 et

435 1679 775 1748 fortitudo
793 1689 1012 1768 negat.
1084 1731 1091 1734 -

303 1737 419 1883 1²03)
521 1781 710 1849 Num
749 1780 1212 1869 locupletiores
1242 1781 1519 1867 quaeris
1537 1739 1920 1848 auctores?
1967 1778 2229 1846 Harum
2265 1763 2446 1866 enim

427 1892 535 1952 -est
575 1885 903 1950 viltutum
947 1884 1291 1971 proprium
1343 1883 1514 1948 nihil
1565 1883 2012 1965 extimescere,
2060 1883 2284 1949 omnia
2333 1882 2449 1967 hu-

434 2007 632 2052 mana
658 1986 1009 2073 despicere,
1033 1985 1229 2069 nihil,
1261 1986 1440 2074 quod
1478 1985 1733 2073 homini
1769 1986 2063 2056 accidere
2097 1986 2322 2072 possit,
2352 1987 2516 2050 ιιι-ιο

437 2087 862 2155 tolerandum·
896 2095 1149 2176 putare.
1238 2086 1475 2175 Itaque
1518 2087 1681 2175 quid
1724 2087 1933 2154 fecit}
2018 2086 2103 2152 In
2146 2094 2445 2156 senatum

438 2192 644 2275 venit,
673 2190 982 2257 mandata
1011 2191 1337 2278 exposuit,
1369 2192 1763 2257 sententiam
1795 2211 1881 2256 ne
1910 2190 2178 2273 diceret,
2201 2211 2448 2258 reeusa-

438 2295 557 2379 vit‚
588 2315 788 2383 quam
811 2293 936 2360 din
961 2295 1107 2361 iure
1135 2294 1412 2360 iurando
1440 2293 1730 2360 hostium
1762 2301 2114 2376 teneretur,
2145 2313 2288 2359 non·
2310 2314 2448 2359 esse

439 2419 510 2464 se
550 2405 940 2464 senatorem.
1029 2398 1264 2483 Atque
1305 2395 1475 2462 illud
1518 2396 1717 2462 etiam
1763 2395 1890 2480 (“o
1926 2395 2205 2463 stultum
2240 2394 2449 2463 homi·-

437 2500 670 2582 nem‚''„
717 2499 960 2567 dixerit
1019 2499 1369 2587 quispiam,
1438 2501 1564 2564 “et
1621 2505 2101 2585 repugnantem
2168 2496 2445 2562 uti-litati
2460 2514 2518 2558 ao

439 2603 719 2689 suae!’'),
750 2601 939 2668 reddi
987 2603 1284 2689 captivos
1326 2599 1597 2688 negavit
1643 2621 1781 2666 esse
1822 2601 2025 2682 utile3
2076 2598 2447 2665 illos-enim

436 2704 885 2770 adulescentes
941 2724 1082 2768 esse
1131 2709 1199 2768 et
1253 2703 1461 2769 bonos
1508 2701 1725 2784 duces,
1773 2722 1843 2767 se
1889 2702 2021 2768 iam
2067 2701 2446 2769 confectum

436 2811 792 2871 senectute.
883 2803 1277 2884 Cuiuspcum
1314 2805 1625 2894 valuisset
1668 2805 2034 2887 auctoritas,
2066 2805 2309 2891 captivi
2354 2827 2449 2870 re-

439 2907 608 2972 tenti
644 2912 818 2986 sunt,
849 2905 991 2992 ipse
1023 2905 1492 2993 Carthaginem
1517 2906 1746 2990 rediit,
1777 2926 1993 2992 neque
2025 2927 2179 2972 eum
2216 2907 2449 2972 caritas

439 3007 689 3095 patriae
717 3007 994 3073 retinuit
1022 3017 1144 3073 nec
1171 3011 1465 3074 suorum.
1550 3007 1793 3095 Neque
1829 3029 1986 3073 vero
2022 3017 2165 3072 tum
2195 3008 2519 3093 ignora-as

439 3110 552 3177 bat
583 3130 650 3175 se
679 3108 759 3175 ad
790 3108 1320 3175 crudelissimum
1353 3109 1612 3176 hostem
1644 3117 1713 3175 et
1741 3109 1819 3200 ad
1853 3109 2177 3195 exquisita
2205 3109 2449 3196 suppli·

440 3213 538 3279 cia
565 3211 908 3300 proficisci,
939 3212 1052 3278 sed
1075 3213 1180 3277 ius
1208 3211 1563 3278 iurandum
1598 3211 2115 3277 conservandum
2152 3212 2446 3298 putabat.

377 3378 385 3388 s
439 3313 676 3403 Itaque
713 3323 880 3398 tum,
911 3336 1061 3381 cum
1099 3314 1443 3402 vigilando
1486 3315 2033 3395 necabatur-,erat
2063 3313 2132 3379 in
2178 3314 2451 3382 meliore

439 3440 652 3501 causa,
675 3425 877 3504 qnam
907 3417 964 3484 si
992 3417 1176 3484 domi
1195 3425 1397 3484 senex
1419 3417 1742 3504 captivus,
1770 3417 2071 3503 periurus
2092 3418 2452 3484 consularis
2546 3497 2548 3500 Α

305 3535 417 3588 101
440 3522 872 3588 remansisset.
963 3520 1064 3588 At
1110 3518 1331 3602 stulte,
1363 3520 1479 3606 qui
1516 3540 1649 3585 non
1693 3519 1895 3585 modo
1941 3538 2075 3584 non
2126 3519 2451 3586 censuerit
2468 3535 2519 3574 8⁰

439 3623 732 3710 captivos
778 3622 1229 3704 remittendOS,
1275 3642 1509 3686 verum
1560 3621 1763 3686 etiam
1814 3620 2209 3686 dissuaserit.
2300 3619 2449 3696 Quo

441 3724 638 3792 modo
667 3722 912 3791 stulte?
941 3723 1247 3807 etiamne,
1277 3722 1335 3788 si
1377 3722 1475 3788 rei
1509 3722 1813 3810 publicae
1850 3720 2298 3789 conducebat?
2342 3742 2452 3808 po-
