2867 4334
433 393 560 466 130
1197 401 1309 450 m:
1355 387 1661 452 ormcns

431 551 766 619 licentiam
814 552 946 636 dat,
983 558 1079 636 ut,
1110 550 1576 639 quodcumque
1622 550 1908 618 maxime
1958 551 2299 640 probabile
2345 573 2441 618 oc-

432 663 670 739 currat,
682 656 770 722 id
806 663 1031 722 nostro
1065 655 1211 720 iure
1245 653 1438 721 liceat
1472 653 1877 721 defendere..
1942 654 2074 721 Sed
2118 653 2315 721 redeo
2359 654 2441 720 ad

432 757 809 823 formulam.

337 830 409 973 2⁵1
519 860 885 927 Detrahere
912 861 1121 948 igitur
1148 859 1337 926 alteri
1372 860 1624 948 aliquid
1659 866 1727 926 et
1770 858 2110 926 hominem
2153 859 2441 947 hominis

432 952 852 1029 incommodo
881 950 1075 1028 suum
1105 963 1525 1030 commodum
1556 984 1797 1050 augere
1831 963 2042 1049 magis
2066 969 2177 1051 'est
2212 971 2441 1029 contra
2480 985 2508 1024 ο

431 1054 735 1131 naturam
786 1087 984 1152 quam
1031 1077 1246 1148 mom,
1288 1087 1486 1152 quam
1544 1072 1913 1153 paupertas,
1972 1085 2171 1156 quarn
2230 1064 2438 1148 dolor,

433 1189 632 1254 quam
663 1175 894 1258 cetera,
925 1190 1093 1256 quae
1121 1171 1398 1257 possunt
1428 1175 1543 1233 aut
1572 1167 1832 1253 corpori
1868 1167 2160 1233 accidere
2196 1174 2312 1232 aut
2347 1189 2442 1232 re-

400 1271 555 1336 'bus‘
597 1271 905 1336 externis.
991 1269 1170 1336 Nam
1216 1271 1547 1358 principio
1580 1268 1760 1336 tollit
1795 1269 2172 1336 convictum
2216 1267 2441 1356 huma·-

433 1394 597 1437 num
647 1380 718 1439 et·
772 1373 1178 1439 societatem.
1226 1373 1344 1438 si
1384 1372 1561 1438 enim
1613 1373 1707 1438 sie
1752 1371 1995 1437 erimus
2047 1351 2313 1455 adfecti,
2365 1379 2443 1437 ut

433 1474 705 1563 propter
733 1497 925 1541 suum
954 1476 1233 1562 quisque
1263 1474 1790 1540 emolumentum
1818 1474 2059 1560 spoliet
2093 1483 2208 1540 aut
2241 1473 2441 1541 vlolet
2458 1498 2510 1538 10

435 1567 736 1661 alterum,
782 1578 1105 1664 disrumpi
1149 1597 1409 1642 neeesse
1453 1584 1553 1641 est
1597 1598 1762 1658 eam,
1800 1597 1968 1662 quae
2014 1576 2299 1640 maxime
2343 1585 2441 1642 est

341 1695 415 1749 22
437 1681 797 1747 secundum
828 1690 1150 1761 naturam,
1182 1677 1457 1743 humani
1486 1678 1748 1764 generis
1776 1677 2173 1741 societatem.
2242 1677 2360 1760 Ut,
2386 1678 2441 1742 si

437 1804 640 1848 unum
697 1769 1007 1867 quodque
1059 1780 1430 1845 membrum
1482 1799 1747 1844 sensum
1798 1761 1978 1843 hune
2028 1776 2317 1861 haberet,
2365 1789 2441 1843 ut

434 1893 623 1971 posse
653 1891 914 1970 putaret
942 1903 1011 1947 se
1038 1882 1270 1964 valere,
1293 1881 1348 1946 si
1379 1880 1665 1968 proximi
1689 1863 1967 1972 membri
1991 1865 2440 1946 valetudinem

435 1986 517 2051 ad
568 2006 638 2050 se
689 1983 1104 2067 traduxisset,
1141 1983 1472 2049 debilitari
1524 1991 1591 2048 et
1643 1965 1916 2048 interire
1953 1990 2167 2048 totum
2206 2004 2441 2071 corpus
2458 2006 2511 2047 15

435 2094 911 2169 neeesse-esset,
943 2087 1056 2170 sie,
1083 2087 1143 2152 'si
1173 2108 1344 2151 unus
1373 2087 1651 2173 quisque
1682 2091 1979 2152 nostrum
2016 2086 2098 2151 ad
2126 2107 2197 2152 se
2231 2089 2442 2175 rapiat

438 2188 782 2255 commoda
831 2189 1111 2255 aliorum
1164 2188 1621 2275 detrahatque,
1683 2189 1863 2275 quod
1922 2188 2159 2276 cuique
2217 2191 2443 2276 possit,

435 2277 866 2358 emolumenti
899 2294 999 2358 sui
1027 2291 1257 2378 gratia,
1289 2291 1562 2359 societas
1596 2291 1947 2357 hominum
1983 2289 2050 2357 et
2086 2293 2444 2358 communi-

435 2405 534 2462 tas
569 2403 902 2462 evertatur
935 2383 1194 2462 necesse
1227 2404 1345 2461 est.
1433 2394 1612 2461 Nam
1648 2395 1772 2460 sibi
1794 2398 1886 2484 [ut
1921 2395 2199 2481 quisque
2233 2395 2442 2478 malit,

436 2499 614 2586 quod
644 2499 728 2566 ad
772 2485 966 2564 usum
1003 2499 1179 2564 vitae
1223 2498 1572 2586 pertineat,
1608 2519 1810 2584 quam
1845 2496 2033 2563 alteri
2078 2496 2512 2584 adquiret-esto

387 2631 394 2640 “
435 2589 813 2669 ‘concessum
844 2609 943 2668 est
971 2623 1105 2668 non
1136 2608 1549 2689 repugnante
1577 2603 1829 2682 natura,
1855 2599 2019 2665 illud
2053 2607 2285 2664 natura
2309 2617 2441 2665 non‘

345 2737 350 2740 ·
435 2706 704 2801 patitur,
757 2710 833 2768 ut
883 2702 1160 2769 aliorum
1209 2703 1434 2788 spoliis
1487 2710 1737 2767 nostras
1786 2701 2152 2784 facultates,
2204 2700 2443 2789 copiae,

341 2818 417 2869 23
437 2827 594 2890 opes
622 2824 995 2889 augeamus.
1083 2802 1324 2889 Neque
1355 2824 1513 2868 vero
1543 2803 1667 2870 hoe
1699 2803 1914 2872 solum
1950 2813 2203 2887 natura,
2239 2804 2312 2870 id
2346 2813 2445 2870 est

435 2906 579 2970 iure
607 2903 931 2990 gentium,
961 2904 1078 2970 sed
1111 2905 1311 2969 etiam
1346 2903 1607 2989 legibus
1641 2905 2060 2992 populorum,
2091 2907 2331 2992 quibus
2373 2907 2444 2971 in

438 3005 724 3091 singulis
742 2993 1121 3070 civitatibus
1152 3026 1254 3069 res
1275 3000 1542 3091 publica
1571 3007 1965 3123 continetur,
1993 3009 2223 3074 eodem
2248 3007 2445 3074 modo
2462 3030 2515 3070 ιιι

437 3107 869 3172 constitutum
899 3114 1018 3189 est,
1042 3113 1118 3171 ut
1146 3095 1279 3172 ιιοιι
1304 3107 1498 3172 liceat
1521 3108 1622 3172 sui
1644 3094 1975 3175 commodi
1998 3130 2190 3174 causa
2213 3129 2446 3174 nocere

439 3209 656 3292 alteri,
691 3209 816 3275 hoc
845 3206 1024 3275 enim
1057 3216 1354 3298 spectant
1383 3209 1579 3296 leges,
1601 3209 1726 3277 hoc
1755 3211 2010 3294 volunt,
2042 3195 2446 3304 ineolumem

437 3335 576 3380 esse
620 3301 864 3379 civium
911 3313 1485 3396 coniunctionem3
1547 3333 1743 3406 quam
1790 3313 1906 3399 qui
1950 3314 2294 3428 dirimunt,
2338 3318 2449 3383 eos

440 3423 671 3499 morte,
703 3415 973 3498 exsilio,
987 3414 1262 3497 vinclis,-
1257 3414 1514 3510 damno
1544 3421 1865 3482 coe‘icent.

525 3519 756 3606 Atque
776 3517 902 3584 hoe
927 3517 1139 3583 multo
1160 3517 1370 3604 magis
1392 3515 1635 3583 efficit
1614 3539 1636 3580 1
1641 3539 1758 3604 psa
1778 3525 2054 3585 naturae
2076 3520 2262 3603 ratio,
2283 3540 2447 3606 quae
2466 3539 2517 3580 ao

441 3628 543 3685 est
557 3620 678 3686 lex
708 3620 934 3685 divina
962 3627 1030 3686 et
1063 3618 1387 3701 humana,
1433 3619 1539 3685 eui
1574 3640 1819 3710 palere
1838 3622 1954 3706 qui
1988 3620 2154 3687 velit
2198 3621 2452 3704 (omnes

441 3727 680 3789 autem
691 3711 1038 3805 parebunt,
1063 3711 1178 3806 qui
1210 3716 1569 3841 secundum
1598 3728 1899 3786 naturam
1927 3721 2155 3788 volent
2180 3719 2449 3808 vivere),
