2867 4334
975 388 1115 440 Lm.
1153 387 1228 439 11.
1299 387 1463 443 GAP.
1502 389 1683 440 19-21.
1754 387 1786 450 ἓ
1820 390 2002 442 68-72.
2370 393 2499 460 107

481 549 674 608 suum
705 560 967 622 munuc,
991 539 1046 605 si
1069 547 1200 625 quo
1230 539 1408 605 forte
1438 537 1766 626 fungitur,
1790 540 1903 606 sed
1936 540 2134 606 etiam
2158 547 2493 610 extenuat.

481 641 1004 728 Videndumque
1047 640 1214 707 illud
1261 649 1380 725 est,
1419 641 1620 728 quod,
1656 641 1713 708 si
1758 641 2155 730 opulentum
2198 644 2498 712 fortuna-

482 755 761 831 tumque
790 742 1188 825 defenderiS‚
1218 743 1288 808 in
1324 765 1462 808 uno
1506 742 1623 808 illo
1668 751 1801 827 aut,
1838 745 1893 810 si
1929 745 2127 829 forte,
2158 746 2229 812 in
2272 745 2498 814 liberis

483 849 622 916 eius
655 854 880 914 manet
913 847 1162 932 gratia3
1207 847 1308 914 siu
1354 855 1577 916 autem
1622 846 2237 935 inopem‚.probum
2274 857 2492 916 tamen

439 961 551 1016 eet
581 949 972 1032 modestum,
1005 969 1235 1016 omnes
1263 970 1396 1014 non
1429 948 1695 1036 inprobi
1724 949 2033 1034 humiles,
2060 973 2231 1037 quae.
2258 973 2497 1038 magna

481 1055 548 1118 in
618 1051 866 1140 populo
929 1050 1292 1118 multitudo
1355 1059 1483 1129 est,
1543 1051 1943 1138 praesidium
2001 1053 2127 1122 sibi
2190 1065 2495 1140 paratum

483 1155 732 1222 vident.
823 1154 1040 1233 Quam
1073 1154 1158 1220 ob
1187 1175 1328 1220 rem
1359 1153 1597 1222 melius
1632 1153 1810 1241 apud
1846 1154 2052 1222 bonos
2086 1177 2285 1242 quam
2320 1157 2493 1242 apud
2518 1162 2587 1220 '71

483 1259 858 1344 fortunatos
893 1256 1290 1324 beneficium
1333 1255 1643 1322 collocari
1677 1265 1863 1342 puto.
1950 1256 2190 1324 Danda
2224 1259 2499 1324 omnino

484 1381 684 1448 opera
713 1369 830 1443 est,
863 1367 939 1424 ut
969 1360 1158 1426 omni
1184 1359 1414 1446 generi
1441 1358 1601 1424 satis
1635 1359 1859 1425 facere
1886 1361 2249 1447 possisnam
2291 1360 2405 1428 sed
2428 1363 2497 1426 *si

416 1485 470 1527 ιο
487 1469 590 1530 res
617 1465 688 1529 in
725 1462 1219 1530 contentionem
1255 1461 1503 1546 veniet,
1541 1461 1854 1527 nimirum
1895 1462 2363 1530 Themistocles
2397 1472 2497 1529 est

484 1575 712 1633 auctor
740 1565 1192 1647 adhibendum
1223 1565 1340 1652 qui
1369 1586 1523 1631 cum
1560 1564 2028 1649 consuleretur,
2062 1575 2287 1632 utrum
2322 1567 2496 1632 bono

487 1670 628 1737 viro
658 1668 934 1758 pauperi
963 1690 1046 1734 an
1079 1667 1300 1734 minus
1329 1667 1606 1754 probato
1636 1667 1831 1733 diviti
1867 1667 2075 1735 filiam
2110 1668 2495 1736 collocaret:

485 1771 688 1860 “Ego
724 1770 945 1854 vero,’'
977 1771 1218 1859 inquit,
1251 1774 1290 1808 ‘⁶
1311 1769 1487 1836 malo
1532 1770 1771 1853 virum,
1804 1771 1919 1859 qui
1962 1773 2243 1859 pecunia
2284 1781 2495 1860 egeat,

482 1895 680 1962 quam
718 1874 1090 1963 pecuniam,
1121 1894 1289 1960 quae
1326 1872 1563 1940 vi1·o.”.
1623 1873 1757 1940 Sed
1798 1875 2093 1963 corrupti
2137 1897 2351 1941 mores
2392 1875 2499 1941 de-

415 1978 872 2064 upravatique
901 1984 1059 2043 sunt
1087 1975 1522 2062 admiratione
1550 1975 1934 2048 divitiarum
1958 1998 1976 2061 ;
2013 1999 2295 2064 quarum
2325 2000 2498 2065 mag-

485 2079 720 2145 nitudo
778 2079 940 2166 quid
999 2079 1079 2145 ad
1138 2101 1349 2146 unum
1409 2100 1743 2166 quemque
1802 2088 2097 2146 nostrum
2165 2079 2497 2168 pertinet?

485 2181 688 2251 Illum
718 2181 994 2248 fortasse
1023 2182 1313 2264 adiuvat,
1342 2182 1458 2268 qui
1488 2182 1707 2248 habet.
1794 2181 1905 2248 Ne
1934 2182 2004 2248 id
2036 2183 2303 2269 quidem
2335 2205 2498 2268 scm·

486 2304 641 2371 pel-3
683 2284 800 2350 sed
835 2285 942 2350 fac
977 2284 1245 2367 iuvare3
1287 2283 1589 2351 utentior
1628 2305 1783 2350 sane
1818 2284 1923 2367 sit,
1960 2284 2297 2351 honestior
2339 2308 2499 2352 vero

485 2409 619 2475 quo
648 2387 890 2454 modo?
977 2386 1232 2465 Quodsi
1277 2386 1479 2453 etiam
1522 2387 1737 2453 bonus
1780 2387 1906 2452 erit
1949 2387 2073 2469 vir,
2106 2408 2189 2452 ne
2224 2387 2500 2473 impedi-

416 2497 602 2555 noant
651 2489 942 2573 divitiae,
995 2511 1129 2576 quo
1180 2488 1402 2557 minus
1451 2488 1738 2574 iuvetur,
1784 2487 1983 2554 modo
2034 2509 2119 2554 ne
2161 2487 2497 2570 adiuvent,

483 2593 700 2679 sitque
743 2613 941 2659 omne
984 2591 1325 2673 iudicium,
1358 2612 1490 2657 non
1539 2611 1739 2677 quam
1783 2589 2096 2677 locupleS,
2126 2591 2242 2656 sed
2284 2591 2501 2676 qualis

483 2695 762 2782 quisque
805 2694 923 2760 siti
1011 2692 1406 2759 Extremum
1452 2701 1675 2758 autem
1720 2699 2145 2781 praeceptum
2190 2693 2260 2758 in
2306 2694 2499 2760 bene-

481 2796 652 2863 ficiis
685 2818 1014 2884 operaque
1050 2795 1286 2879 danda,
1325 2816 1410 2861 ne
1445 2795 1610 2882 quid
1644 2803 1872 2862 contra
1906 2796 2305 2884 aequitatem
2348 2817 2499 2864 con-

483 2898 732 2981 tendas,
778 2919 864 2965 ne
906 2897 1068 2984 quid
1113 2918 1236 2985 pro
1279 2897 1559 2979 iniuria3
1603 2897 2116 2966 fundamentum
2176 2899 2355 2965 enim
2398 2907 2499 2966 est

415 3008 840 3088 &perpetuae
883 2999 1587 3066 commendationiset
1629 2999 1849 3068 famae
1889 3001 2159 3086 iustitia,
2191 3001 2335 3068 sine
2369 3009 2501 3088 q'ua

483 3102 652 3168 nihil
683 3110 902 3190 potest
930 3123 1070 3169 esse
1101 3101 1445 3170 laudabile.
1680 3181 1685 3186 ,

569 3205 719 3287 Sed,
744 3204 1057 3290 quoniam
1087 3204 1173 3270 de
1201 3225 1280 3270 eo
1308 3226 1551 3292 genere
1584 3203 2051 3273 beneficiorum
2087 3204 2341 3270 dictum
2372 3210 2489 3284 est,
2504 3177 2590 3319 ³7}

483 3327 652 3393 quae
679 3307 761 3372 ad
797 3307 1090 3395 singulos
1119 3315 1437 3394 spectant,
1462 3307 1772 3395 deinceps
1802 3308 1885 3373 de
1913 3308 2016 3390 iis,
2047 3327 2214 3392 quae
2244 3306 2339 3370 ad.
2356 3304 2499 3370 uni-

484 3430 706 3474 versos
739 3410 1159 3496 quaequead
1203 3432 1346 3475 rem
1389 3408 1727 3498 publicam
1769 3409 2127 3496 pertinent,
2165 3406 2498 3492 disputau-

415 3511 644 3577 nodum
693 3521 810 3578 est.
899 3512 1153 3579 Eorum
1202 3521 1424 3578 autem
1472 3512 1770 3597 ipsorum
1822 3509 2064 3597 partim
2123 3508 2265 3575 eius
2316 3508 2499 3576 modi

483 3622 660 3699 sunt,
692 3624 769 3681 ut
798 3616 882 3681 ad
913 3615 1252 3681 universos
1282 3615 1461 3681 cives
1491 3612 1885 3700 pertineant,
1910 3611 2173 3699 partim,
2203 3609 2498 3698 singulos

485 3724 561 3784 ut
595 3717 966 3804 attingant3
1003 3738 1170 3804 quae
1204 3725 1360 3782 sunt
1395 3715 1596 3782 etiam
1631 3713 1938 3802 gratiora.
2026 3712 2268 3780 Danda
2302 3735 2499 3802 opera
