2867 4334
937 417 1077 468 LIB.
1114 418 1219 470 111.
1289 417 1448 470 CAP.
1486 419 1569 482 23,
1600 419 1681 471 24.
1755 416 1786 480 ξ
1820 420 1998 470 89-93.
2352 417 2480 488 15ῗ

460 571 696 636 vinum
740 567 1298 655 fngicns'vendat
1337 567 1569 652 sciens,
1613 569 1936 648 debeatne
1980 569 2216 637 dicere.
2314 569 2476 638 Non

424 735 430 740 .
460 693 722 739 necesse
752 678 944 759 putat
973 669 1331 757 Diogenes,
1361 670 1725 756 Antipater
1756 673 1879 736 viri
1918 673 2075 738 boni
2120 659 2479 741 existimat:

461 775 648 842 Haec
703 781 860 840 sunt
916 773 1104 860 quasi
1161 781 1580 838 controversa
1642 773 1787 838 iura
1842 773 2242 842 Stoicorum.
2331 776 2475 842 “In
2514 861 2518 866 ι

455 877 793 964 mancipio
829 874 1188 942 vendundo
1223 875 1589 942 dicendane
1624 876 1807 958 vitia,
1838 897 1975 942 non
2009 899 2105 960 ca,
2142 899 2311 965 quae
2346 881 2477 946 nisi

419 979 726 1062 sdixeris,
771 977 1195 1045 redhibeatur
1237 977 1642 1064 mancipium
1693 978 1839 1044 iure
1882 978 2086 1062 civili,
2133 982 2249 1048 sed
2294 979 2475 1061 haec,

462 1082 847 1166 mendacem
891 1102 1049 1162 csse,
1085 1079 1461 1162 aleatorem,
1497 1078 1818 1162 furacem,
1850 1080 2181 1146 ebriosum
2201 1083 2266 1148 2³⁹
2356 1084 2475 1149 Al·-

463 1186 588 1250 teri
631 1184 908 1250 dicenda
943 1182 1274 1264 videntur,
1310 1181 1503 1247 alteri
1546 1202 1679 1246 non
1726 1180 2059 1248 videntur.
2148 1187 2187 1220 “
2208 1184 2280 1249 Si
2326 1185 2476 1270 quis
2506 1196 2581 1249 92

461 1307 698 1354 aurum
728 1286 1024 1354 vendens
1051 1282 1552 1360 orichalcumse
1582 1292 1773 1370 putet
1803 1284 2107 1367 vendere,
2139 1285 2477 1352 indicetne·

461 1389 524 1454 ci
568 1391 672 1456 vir
715 1390 925 1456 bonus
963 1408 1198 1454 aurum
1244 1386 1412 1452 illud
1456 1407 1596 1452 esse
1628 1407 1714 1452 an
1748 1396 1927 1454 emat
1969 1388 2259 1471 denario,
2296 1389 2475 1476 qnod

394 1517 446 1558 ιο
463 1493 550 1558 sit
600 1491 784 1558 mille
825 1491 1168 1558 denarium
1189 1489 1254 1556 2⁹⁹
1344 1488 1785 1577 Perspicuum
1834 1498 1935 1557 est
1986 1490 2139 1573 iam,
2192 1499 2261 1558 et
2312 1493 2475 1579 quid

465 1593 628 1661 mihi
657 1595 980 1678 videatur,
1010 1597 1079 1659 'et
1113 1613 1283 1681 quae
1327 1592 1412 1658 sit
1456 1593 1639 1660 inter.
1674 1613 1789 1660 eos
1833 1592 2278 1682 philosophos,
2310 1615 2479 1682 quos

461 1697 822 1782 nominavi,
853 1697 1317 1764 controversia.
2418 1752 2421 1758 .

546 1799 750 1867 Pacta
776 1809 844 1866 et
872 1801 1191 1888 promissa
1218 1821 1561 1888 semperne
1589 1799 1910 1866 servanda
1942 1799 2096 1883 sint,
2128 1799 2313 1875 Qun:
2338 1819 2473 1882 Nnc
2490 1807 2584 1876 24

459 1924 534 1968 v1
561 1925 692 1970 unc
719 1924 890 1969 nono
917 1923 1122 1986 MALo,
1151 1912 1229 1968 ut
1263 1910 1596 1990 praetores
1630 1902 1863 1985 solent,
1900 1924 2116 1970 nom
2142 1925 2309 1971 surr.
2346 1957 2351 1962 .
2400 1905 2475 1970 Si

394 2006 610 2092 1squis
653 2005 1203 2071 medicamentum
1243 2005 1531 2091 cuipiam
1566 2005 1825 2072 dederit
1868 2006 1950 2071 ad
1994 2029 2231 2094 aquam
2278 2009 2477 2074 inter*

461 2115 680 2172 cutem
727 2106 1205 2193 pepigeritque,
1254 2106 1310 2171 si
1357 2128 1437 2171 eo
1490 2107 1969 2174 medicamento
2014 2131 2211 2175 sanus
2258 2111 2477 2176 factus

461 2197 649 2290 esset,
681 2229 766 2273 ne
794 2208 909 2274 illo
939 2208 1421 2274 medicamento
1458 2229 1771 2293 umquam
1810 2219 2035 2294 postea
2069 2220 2386 2296 uteretur,
2418 2214 2475 2278 si

460 2334 542 2378 eo
569 2309 1047 2377 medicamento
1092 2329 1288 2375 sanus
1329 2307 1548 2373 factus
1592 2310 1677 2372 sit
1722 2318 1790 2373 et
1819 2311 2009 2375 annis
2037 2311 2289 2397 aliquot
2324 2323 2474 2399 post

462 2413 769 2480 inciderit
799 2413 868 2478 in
899 2412 1184 2478 eundem
1223 2409 1531 2474 morbum
1576 2429 1699 2474 nec
1731 2410 1815 2475 ab
1851 2429 1951 2491 00,
1989 2412 2476 2499 quicum‘pepi-

394 2524 667 2604 aegerat,
690 2516 1020 2602 impetret,
1043 2521 1122 2580 ut
1151 2514 1392 2578 iterum
1425 2531 1504 2574 eo
1533 2509 1731 2575 liceat
1764 2510 1882 2592 uti,
1907 2512 2071 2595 quid
2094 2512 2475 2580 faciendum

463 2619 569 2684 sit.
659 2617 831 2684 Cum
875 2617 962 2681 sit
1003 2615 1062 2680 is
1095 2613 1517 2693 inhumanus,
1549 2611 1666 2697 qui
1700 2631 1836 2676 non
1872 2612 2210 2694 concedat,
2247 2634 2369 2679 nec
2412 2617 2477 2680 ci

463 2720 816 2805 quicquam
867 2718 988 2784 fiat
1035 2716 1336 2798 iniuriae,
1387 2713 1565 2780 vitae
1616 2722 1685 2779 et
1728 2713 1927 2780 saluti
1978 2715 2473 2783 consulendum.

465 2821 690 2898 Quidi
733 2821 790 2885 si
825 2820 941 2908 qui
975 2819 1232 2906 sapiens
1275 2823 1545 2905 rogatus
1586 2816 1673 2882 sit
1704 2816 1789 2883 ab
1832 2838 1931 2900 eo,
1963 2817 2080 2904 qui
2109 2839 2263 2884 eum
2297 2819 2488 2886 here·
2505 2837 2580 2891 93

466 2922 876 3006 demfaciat,
909 2943 1058 2988 cum
1095 2921 1157 2987 ei
1192 2927 1589 2987 testamento
1625 2921 1995 2986 sestertium
2032 2920 2248 2989 milies
2282 2922 2475 2988 relin-

397 3033 725 3111 esquatur,
751 3033 844 3108 ut,
868 3033 1023 3090 ante
1053 3044 1250 3111 quam
1281 3023 1715 3090 hereditatem
1746 3024 1955 3108 adeat,
1977 3023 2123 3092 luce
2154 3025 2371 3114 palam
2402 3021 2471 3092 in

463 3129 612 3196 foro
645 3128 858 3211 saltet,
894 3128 1096 3215 idque
1132 3149 1201 3193 se
1244 3126 1579 3193 facturum
1631 3128 2025 3214 promiserit,
2058 3130 2236 3216 quod
2282 3130 2474 3195 aliter

462 3230 772 3299 heredem
815 3252 979 3298 eum·
1013 3229 1376 3318 scripturus
1424 3228 1541 3295 ille
1590 3250 1722 3296 non
1778 3238 1965 3313 esset,
2017 3230 2239 3313 faciat,
2292 3231 2473 3315 quod

461 3335 853 3421 promiserit,
903 3333 1148 3401 necne?
1196 3331 1626 3399 'Promisisse
1668 3330 1914 3397 nollem
1961 3339 2029 3396 et
2070 3331 2139 3396 id
2192 3331 2475 3397 arbitror

460 3435 666 3502 fuisse
691 3437 1071 3523 gravitatis3
1108 3436 1423 3524 quoniam
1466 3433 1792 3521 promisit,
1828 3433 1885 3497 si
1928 3431 2163 3497 saltare
2204 3431 2275 3496 in
2322 3432 2473 3499 foro

391 3545 656 3626 soturpe
719 3540 935 3623 ducet,
999 3538 1340 3606 honestius
1401 3535 1781 3616 mentietur,
1840 3534 1898 3599 si
1960 3555 2043 3598 ex
2106 3532 2472 3601 hereditate

459 3642 629 3707 nihil
686 3644 956 3730 ceperit,
1008 3664 1208 3729 qnam
1259 3642 1316 3708 si
1366 3637 1635 3728 ceperit,
1688 3636 1814 3701 nisi
1862 3635 2042 3702 forte
2085 3656 2231 3702 eam
2280 3659 2473 3726 pecu-

459 3745 640 3811 niam
689 3746 760 3810 in
813 3746 910 3812 rei
970 3744 1272 3832 publicae
1320 3763 1640 3830 magnum
1690 3738 1958 3828 aliquod
2011 3745 2274 3827 tempus
2322 3763 2472 3808 con-
