2867 4334
520 380 606 442 24
886 425 902 442 χ
1299 375 1402 426 nn
1450 374 1755 427 omens

518 526 755 610 vanda,
807 547 848 592 a
895 525 1140 614 quibus
1188 524 1500 591 iniuriam
1550 523 1894 612 acceperis.
1981 521 2104 589 Est
2154 522 2337 589 enim
2381 521 2538 590 ulci-

517 629 742 695 scendi
771 636 839 695 et
868 628 1193 716 puniendi
1224 628 1498 710 modus3
1527 641 1725 713 atque
1755 625 1934 692 haud
1963 626 2098 692 scio
2134 647 2219 691 an
2256 625 2415 694 satis
2448 627 2537 693 sit

516 755 692 817 eum,
721 729 846 821 'qui
881 732 1254 815 lacessierit,
1284 731 1567 797 iniuriae
1600 751 1755 796 suae
1788 729 2145 818 paenitere,
2175 736 2253 794 ut
2286 736 2356 796 et
2390 729 2537 816 ipse

515 859 602 902 ne
647 837 812 924 quid
856 836 986 902 tale
1038 834 1313 924 posthac
1363 842 1432 901 et
1482 833 1686 901 ceteri
1738 832 1873 898 sint
1915 833 2000 898 ad
2046 831 2361 900 iniuriam
2404 840 2533 898 tar-

420 950 497 1004 34
517 938 749 1004 diores.
824 939 1056 1026 Atque
1085 939 1156 1003 in
1187 959 1258 1004 re
1288 937 1553 1025 publica
1580 935 1869 1001 maxime
1898 935 2347 1001 conservanda
2376 942 2531 1001 sunt
2569 961 2599 1000 s

202 1116 211 1123 ³
514 1041 658 1106 iura
687 1040 864 1107 belli.
937 1040 1120 1107 Nam
1146 1061 1301 1107 cum
1321 1039 1457 1105 sint
1478 1039 1611 1105 duo
1630 1057 1875 1126 genera
1896 1037 2294 1120 decertandi,
2316 1059 2529 1102 unum

200 1141 210 1166 ““
311 1131 348 1162 '³
421 1133 434 1162 ³
512 1166 633 1231 per
682 1144 1248 1236 disceptationem,
1301 1142 1579 1208 alterum
1634 1162 1755 1228 per
1805 1141 1965 1224 vim,
2018 1160 2305 1227 cumque
2360 1138 2531 1204 illud

512 1247 856 1334 proprium
881 1249 972 1313 sit
1000 1245 1309 1330 hominis,
1333 1244 1461 1312 hoc
1490 1243 1854 1329 beluarum,
1878 1241 2407 1328 confugiendum
2430 1249 2529 1308 est

419 1362 494 1415 35
515 1350 597 1415 ad
630 1350 974 1437 posteriue,
1005 1350 1060 1415 si
1096 1350 1199 1414 uti
1240 1370 1375 1415 non
1420 1347 1580 1413 licet
1622 1347 1978 1434 superiore.
2068 1346 2291 1423 Quare
2334 1345 2529 1410 susci-

510 1452 754 1538 pienda
787 1452 1056 1539 quidem
1094 1451 1265 1517 bella
1307 1457 1464 1516 sunt
1499 1451 1585 1516 ob
1628 1471 1775 1515 eam
1818 1471 2097 1532 causam,
2127 1455 2205 1514 ut
2247 1447 2389 1514 sine
2430 1447 2595 1512 in-1o

512 1555 682 1620 iuria
708 1556 777 1620 in
811 1576 970 1642 pace
1001 1554 1285 1636 vivatur,
1315 1559 1507 1639 parta
1534 1560 1758 1618 autem
1788 1551 2065 1617 victoria
2094 1550 2527 1617 conservandi

512 1658 581 1742 ii,
621 1659 738 1745 qui
774 1679 909 1724 non
947 1656 1244 1722 crudeles
1279 1656 1350 1720 in
1386 1655 1582 1739 bello,
1618 1677 1751 1721 non
1790 1656 2089 1721 inmanes
2122 1654 2417 1737 fuerunt,
2447 1662 2526 1746 ut

511 1760 793 1826 maiores
835 1760 1042 1826 nostri
1087 1758 1509 1840 TusculanOS,
1547 1760 1841 1846 Aequ05,
1878 1757 2179 1841 VoIScOS,
2226 1757 2524 1841 Sabinos,

513 1860 842 1928 Hernicos
890 1862 963 1926 in
1013 1861 1360 1927 civitatem
1403 1861 1604 1926 etiam
1661 1868 2073 1946 acceperunt,
2126 1867 2195 1925 at
2244 1858 2527 1927 Kartha-

511 1964 740 2050 ginem
788 1971 857 2029 et
912 1962 1350 2054 Numantiam
1405 1964 1713 2029 funditus
1770 1962 2215 2046 sustulerunt3
2277 1962 2595 2028 nollemus

513 2064 952 2149 Corinthum,¹
977 2066 1092 2132 sed
1148 2067 1346 2136 credo.
1391 2066 1645 2153 aliquid
1694 2073 1968 2149 secutos,
2005 2065 2525 2153 oportunitatem

511 2167 641 2233 loci
671 2190 999 2252 maxume,
1025 2169 1108 2235 ne
1129 2170 1350 2256 posset
1379 2168 1735 2260 aliquando
1756 2168 1840 2235 ad
1862 2168 2113 2234 bellum
2139 2167 2522 2234 faciendum

507 2269 690 2336 locus
719 2271 860 2358 ipse
888 2271 1238 2339 adhortari.
1327 2271 1483 2338 Mea
1511 2272 1780 2358 quidem
1811 2271 2138 2337 sententia
2163 2269 2329 2357 paci,
2354 2291 2523 2357 quae

509 2371 680 2437 nihil
714 2372 1021 2440 habitura
1049 2375 1136 2440 sit
1164 2374 1573 2458 insidiarum,
1607 2395 1868 2460 semper
1896 2381 1995 2439 est
2023 2372 2520 2440 consulendum.

509 2475 590 2541 In
624 2497 756 2564 quo
783 2477 839 2542 si
871 2477 1037 2542 mihi
1061 2484 1228 2543 esset
1251 2483 1802 2565 optemperatum,
1826 2477 1882 2542 si
1910 2497 2041 2541 non
2069 2485 2429 2563 optumam,
2452 2481 2521 2541 at
2540 2495 2592 2536 ω

507 2579 793 2666 aliquam
818 2601 957 2646 rem
981 2581 1334 2668 publicam,
1359 2603 1527 2667 quae
1555 2602 1736 2646 nunc
1764 2578 1948 2644 nulla
1971 2586 2088 2662 est,
2113 2579 2519 2645 haberemus

505 2680 596 2746 Et
623 2703 779 2748 cum
807 2682 908 2765 iis,
941 2703 1107 2768 quos
1135 2683 1205 2747 vi
1233 2682 1571 2766 deviceris,
1604 2681 2081 2749 consulendum
2116 2687 2235 2764 cst,
2266 2687 2415 2746 tum
2449 2680 2519 2764 ii,

506 2784 624 2869 qui
667 2785 867 2849 armis
909 2784 1141 2870 positis
1191 2785 1276 2851 ad
1327 2786 1802 2872 imperatorum
1852 2783 2059 2850 fidem
2110 2783 2520 2870 confugient,

506 2885 810 2971 quamvis
844 2906 1110 2952 murum
1145 2887 1312 2953 aries
1347 2888 1759 2975 percusserit,
1791 2887 2176 2975 recipiendi.
2262 2886 2346 2952 In
2389 2907 2521 2974 quo

504 2993 850 3075 tantopere
879 2988 1055 3075 apud
1091 2997 1350 3056 nostros
1387 2989 1641 3055 iustitia
1670 2988 1849 3054 culta
1876 2996 1995 3072 est,
2019 2997 2097 3054 ut
2125 2989 2196 3071 ii,
2220 2988 2339 3074 qui
2368 2988 2521 3054 civi·
2538 3013 2591 3053 25

504 3095 670 3155 tates
713 3098 827 3155 aut
862 3091 1164 3158 nationes
1206 3092 1497 3159 devictas
1535 3090 1709 3158 bello
1745 3090 1818 3154 in
1862 3090 2067 3155 fidem
2100 3090 2519 3175 recepissent,

315 3265 327 3273 „
371 3240 385 3264 ,-
408 3209 484 3263 36
504 3213 729 3257 earum
755 3195 1017 3279 patroni
1041 3201 1257 3261 essent
1285 3215 1469 3260 more
1498 3194 1844 3259 maiorum.
1924 3192 2031 3257 Ac
2059 3190 2219 3257 belli
2246 3190 2520 3276 quidem

501 3295 796 3382 aequitas
846 3283 1516 3381 sanctissime*,fetiali
1566 3295 1799 3384 populi
1842 3293 2131 3360 Romani
2182 3293 2327 3359 iure
2378 3313 2520 3380 per-

498 3398 742 3484 scripta
769 3405 888 3463 est.
963 3397 1068 3464 Ex
1096 3420 1229 3486 quo
1258 3397 1559 3486 intellegi
1584 3404 1799 3484 potest
1822 3396 2085 3462 nullum
2106 3395 2356 3462 bellum
2380 3417 2519 3462 esse

423 3515 430 3543 ¹
499 3501 770 3583 iustum,
793 3501 923 3566 nisi
953 3502 1135 3588 quod
1159 3508 1272 3567 aut
1289 3501 1495 3568 rebus
1525 3499 1825 3587 repetitis
1846 3507 2115 3588 geratur
2134 3507 2250 3579 aut
2272 3499 2518 3568 denun·
2536 3525 2589 3566 so

500 3603 743 3666 tiatum
773 3611 926 3668 ante
958 3605 1044 3668 sit
1073 3612 1141 3669 et
1163 3604 1509 3669 indictum.
1590 3603 1923 3689 [Popilius
1954 3604 2314 3690 imperator.
2342 3608 2518 3665 tene-

415 3755 422 3762 .
500 3703 614 3769 bat
635 3705 1066 3792 provinciam,
1087 3707 1154 3770 in
1177 3705 1366 3773 cuius
1388 3706 1682 3774 exercitu
1702 3705 1975 3790 Catonis
1996 3702 2326 3772 filius-tiro
2348 3700 2517 3767 mili-
