2867 4334
351 413 481 476 112
1123 406 1224 458 nn
1278 405 1585 460 oli-mons

353 583 482 650 que
513 559 957 626 aestumandis
985 556 1518 646 possessionibus,
1542 564 1619 621 ut
1648 556 2069 645 persuaderet
2098 557 2263 640 aliis,
2285 561 2386 634 ιιι,

353 664 699 752 pecuniam
751 663 1044 750 accipere
1107 659 1401 743 mallent,
1462 660 1977 748 possessionibus
2035 660 2362 743 cederent,

354 767 518 849 aliis,
553 773 624 832 ut
653 763 1064 831 commodius
1090 770 1402 850 putarent
1430 763 1763 828 numerari
1798 763 1945 845 sibi,
1974 763 2158 849 quod
2194 764 2361 830 tanti

354 877 540 952 esset,
586 890 786 955 quam
831 889 1024 934 suum
1066 887 1469 952 recuperare.
1558 863 1665 930 Ita
1706 865 2076 954 perfectum
2122 874 2240 949 est,
2285 875 2362 932 ιιι

355 993 584 1038 omnes
617 970 966 1036 eoncordia
1008 969 1366 1036 constituta
1409 969 1553 1034 sine
1596 967 1887 1052 querella
1930 968 2357 1036 discederent.
2402 989 2431 1029 ⁵

261 1092 336 1145 83
357 1075 418 1141 O
450 1075 668 1140 virum
701 1095 1016 1160 magnum
1039 1073 1471 1160 dignumque,
1494 1073 1610 1155 qui
1647 1073 1713 1135 in
1747 1095 1817 1137 re
1848 1072 2111 1160 publica
2141 1081 2363 1138 nostra

356 1186 549 1242 natus
578 1177 781 1242 esset!
852 1176 961 1242 Sic
992 1197 1112 1262 par
1141 1182 1240 1240 est
1269 1196 1463 1259 agero
1494 1195 1644 1240 cum
1679 1175 1951 1258 civibuS,
1976 1197 2131 1258 non,
2154 1183 2231 1240 ut
2262 1175 2363 1240 bis

354 1280 488 1345 iam
530 1280 839 1363 vidimus,
887 1279 1140 1344 hastam
1189 1279 1257 1343 in
1305 1278 1458 1343 foro
1504 1299 1750 1364 ponere
1782 1286 1847 1344 ot
1896 1279 2067 1345 bona
2113 1278 2363 1345 civium

357 1383 504 1450 voci
533 1383 825 1449 subicere
861 1381 1213 1468 praeconis.
1302 1380 1402 1444 At
1432 1379 1547 1446 ille
1582 1381 1893 1464 GraeeuS,
1918 1382 1986 1447 id
2020 1381 2202 1468 quod
2231 1381 2368 1447 fuit

355 1485 671 1571 sapientis
705 1493 772 1550 et
802 1483 1190 1570 praestantis
1223 1482 1368 1564 viri,
1402 1482 1709 1548 omnibus
1744 1483 2220 1549 consulendum
2251 1505 2366 1570 pu·
2382 1505 2434 1546 ιο

358 1588 544 1671 tavit,
575 1608 780 1673 eaque
832 1593 930 1652 est
965 1605 1223 1650 summa
1275 1585 1443 1648 ratio
1489 1590 1557 1648 et
1606 1585 1927 1670 sapientia
1974 1586 2129 1650 boni
2179 1586 2363 1665 civis,

357 1693 702 1760 commoda
733 1691 975 1758 civium
1005 1711 1137 1754 non
1177 1688 1495 1754 divellere
1536 1697 1735 1774 atque
1779 1691 1993 1754 omnis
2036 1689 2367 1775 aequitate

357 1796 588 1860 eadem
640 1793 991 1858 continere.
1082 1789 1411 1855 Habitent
1468 1793 1673 1876 gratis
1730 1791 1799 1855 in
1860 1791 2095 1856 alieno,
2185 1789 2364 1868 Quid

358 1895 492 1960 ita?
524 1903 617 1976 ut,
643 1915 793 1958 cum
825 1914 948 1978 ego
979 1893 1271 1974 emerim,
1296 1892 1711 1974 aedificarim,
1739 1901 1938 1975 tuear,
1965 1893 2365 1980 impendam,

359 2006 435 2062 tu
486 2017 594 2062 me
639 1996 852 2060 invito
900 1994 1122 2060 fruare
1177 1995 1364 2060 meo?
1454 1994 1637 2072 Quid
1684 2003 1783 2060 est
1831 1995 2011 2061 aliud
2063 1995 2207 2061 aliis
2253 2015 2437 2060 suam

266 2121 342 2176 84
361 2099 631 2184 eripere,
669 2097 812 2162 aliis
860 2096 1012 2162 dare
1060 2097 1313 2162 aliena?
1403 2095 1695 2163 Tabulae
1744 2119 1898 2163 vero
1945 2120 2156 2164 novae
2208 2098 2370 2185 quid

361 2201 605 2267 habent
633 2200 1028 2287 argumenti,
1061 2199 1187 2266 nisi
1217 2208 1294 2266 ut
1331 2221 1508 2266 emas
1553 2221 1698 2266 mea
1740 2201 2019 2287 pecunia
2062 2201 2369 2284 fundum,

267 2320 516 2391 24eum
567 2311 640 2368 tu
692 2302 948 2385 habeas,
998 2323 1122 2390 ego
1169 2325 1302 2369 non
1350 2303 2066 2390 habeampecuniamZ
2155 2303 2371 2381 Quam

365 2408 448 2474 ob
485 2429 625 2474 rem
663 2428 747 2472 ne
783 2407 869 2472 sit
916 2428 1022 2472 aes
1066 2407 1376 2488 alienum,
1409 2407 1587 2492 quod
1634 2407 1732 2472 rei
1777 2407 2077 2493 publicae
2124 2415 2371 2490 noceat,

365 2510 849 2598 providendum
881 2517 1000 2593 est,
1031 2510 1210 2597 quod
1235 2510 1463 2575 multis
1492 2509 1855 2577 rationibus
1890 2510 2107 2598 caveri
2136 2517 2369 2596 potest,
2388 2529 2443 2570 20

365 2637 521 2698 non,
569 2615 621 2679 si
667 2614 892 2695 fuerit,
940 2620 1017 2679 ut
1060 2613 1422 2700 locupletes
1467 2634 1657 2679 suum
1705 2613 2003 2701 perdant,
2048 2613 2375 2678 debitores

366 2716 704 2782 lucrentur
733 2715 1021 2781 alienum
1045 2735 1062 2796 3
1099 2736 1221 2780 nee
1253 2717 1431 2780 enim
1466 2715 1600 2779 ulla
1627 2735 1731 2780 res
1758 2714 2213 2781 vehementius
2237 2736 2373 2780 rem

368 2817 699 2903 publicam
744 2816 1038 2880 continet
1083 2837 1281 2901 quam
1317 2815 1503 2896 fides,
1534 2838 1702 2902 quae
1738 2837 1877 2882 esse
1912 2817 2095 2882 nulla
2136 2824 2374 2903 potest,

368 2918 495 2982 nisi
541 2917 668 2981 erit
711 2916 1067 2982 necessaria
1109 2915 1349 2982 solutio
1393 2939 1613 2982 rerum
1660 2919 2077 2984 creditarum.
2150 2919 2379 2984 Num-

369 3040 570 3104 quam
621 3016 1076 3083 vehementius
1127 3026 1346 3084 actum
1398 3027 1497 3084 est
1548 3042 1745 3105 quam
1801 3043 1905 3086 me
1963 3020 2249 3102 consule,
2292 3041 2455 3084 new

370 3121 769 3202 solveretur3
815 3120 1010 3185 armis
1045 3127 1113 3185 et
1143 3121 1369 3185 castris
1413 3129 1737 3208 temptata
1782 3144 1883 3188 res
1926 3129 2025 3188 est
2066 3123 2149 3188 ab
2194 3122 2379 3187 omni

370 3245 613 3311 genere
657 3222 1002 3289 hominum
1041 3230 1109 3289 et
1144 3223 1413 3305 ordine3
1460 3225 1703 3308 quibus
1738 3225 1833 3290 ita
1869 3225 2099 3308 restiti,
2142 3232 2218 3290 ut
2253 3224 2379 3290 hoo

371 3336 588 3394 totum
619 3325 867 3391 malum
897 3325 981 3392 de
1010 3347 1081 3391 re
1110 3325 1374 3413 publica
1405 3326 1765 3392 tolleretur.
1833 3327 2225 3416 ‘Numquam
2258 3350 2381 3394 nec

373 3433 584 3497 maius
613 3453 720 3497 aes
749 3430 1038 3495 alienum
1068 3430 1202 3495 fuit
1233 3450 1353 3496 nec
1389 3429 1625 3494 melius
1659 3451 1781 3497 nec
1816 3430 2079 3496 facilius
2113 3431 2383 3497 dissolu·

375 3542 519 3599 tum
552 3542 688 3616 est3
724 3533 1079 3599 fraudandi
1115 3533 1294 3598 euim
1330 3554 1445 3618 spe
1480 3531 1735 3598 sublata
1769 3532 2070 3599 solvendi
2114 3533 2449 3600 necessi-so

375 3644 475 3701 tas
497 3643 844 3703 consecuta
867 3644 983 3701 est.
1049 3636 1149 3701 At
1175 3657 1330 3701 vero
1353 3635 1460 3700 hic
1484 3656 1660 3701 nunc
1683 3635 1911 3718 victor,
1936 3643 2081 3699 tum
2113 3634 2380 3721 quidem
2439 3689 2449 3696 .

378 3737 610 3818 victus,
647 3757 814 3823 quae
856 3737 1194 3822 cogitarat,
1226 3758 1302 3801 ea
1343 3735 1643 3822 perfecit,
1676 3751 1822 3802 cum
1854 3737 1997 3802 eius
2040 3736 2169 3801 iam
2216 3733 2385 3799 nihil
