2867 4334
379 345 502 408 136
1157 342 1259 393 DE
1301 342 1609 396 ormcns

374 493 443 558 id
475 500 849 580 sequantur,
881 493 1059 580 quod
1088 492 1441 560 honestum
1470 513 1610 560 esse
1642 493 1927 578 videant,
1960 515 2043 560 an
2079 515 2150 564 se
2184 498 2384 565 scien-

374 603 472 660 tes
523 595 762 662 scelere
806 596 1294 678 contaminent3
1339 596 1407 660 in
1446 595 1589 682 ipsa
1622 596 1801 661 enim
1834 596 2249 667 dubitatione
2290 601 2384 666 fa-

375 698 560 763 cinus
610 699 801 782 inest,
839 698 1096 764 etiamsi
1139 698 1223 764 ad
1261 698 1333 764 id
1376 719 1512 765 non
1556 701 1997 786 pervenerint.
2086 700 2265 789 Ergo
2308 725 2384 769 ea

374 800 794 867 deliberanda
823 802 1094 867 omnino
1123 823 1256 867 non
1287 809 1462 885 sunt,
1493 801 1565 866 in
1594 803 1836 888 quibus
1865 806 2207 896 esttturpis
2242 806 2385 893 ipsa

374 903 779 970 deliberatio.
2424 930 2453 970 5

459 1007 689 1093 Atque
725 1007 924 1073 etiam
956 1029 1036 1073 ex
1068 1007 1251 1073 omni
1287 1007 1761 1074 deliberatione
1791 1007 2047 1074 celandi
2076 1017 2145 1074 et
2175 1009 2384 1074 occul-

373 1109 559 1173 tandi
601 1130 748 1196 spes
783 1110 1138 1197 opinioque
1187 1110 1589 1176 removenda
1622 1117 1739 1175 est.
1830 1110 2001 1176 Satis
2047 1103 2230 1176 enim
2272 1132 2387 1176 no·

372 1211 492 1294 bis,
525 1212 579 1276 si
611 1212 806 1278 modo
836 1213 908 1276 in
938 1212 1354 1300 philosophia
1382 1212 1637 1300 aliquid
1666 1211 2091 1299 profecimus,
2124 1235 2388 1300 persua·

371 1336 520 1380 sum
554 1337 694 1381 esse
723 1316 938 1398 debet,
971 1317 1025 1381 si
1062 1337 1288 1382 omnes
1323 1316 1481 1382 deos
1524 1315 1956 1402 hominesque
2000 1316 2209 1383 celare
2244 1339 2386 1404 pos-

372 1419 594 1501 simus,
621 1417 790 1482 nihil
821 1426 1040 1483 tamen
1077 1440 1291 1501 avare,
1315 1417 1483 1482 nihil
1512 1418 1778 1501 iniuste,
1802 1417 1973 1482 nihil
2008 1419 2382 1503 libidinose,
2400 1440 2453 1481 ιο

279 1487 354 1633 3⁹8
374 1519 542 1584 nihil
571 1520 1057 1587 incontinenter
1102 1541 1240 1586 esse
1283 1519 1683 1585 faciendum.
1773 1519 1957 1586 Hinc
1999 1521 2114 1586 ille
2158 1521 2385 1608 Gyges

375 1623 712 1688 inducitur
739 1643 778 1687 a
805 1621 1105 1704 Platone,
1136 1621 1274 1708 qui,
1307 1643 1457 1687 cum
1490 1630 1665 1688 terra
1698 1623 2097 1689 discessisset
2126 1624 2385 1711 magnis

367 1725 768 1817 quibusdam
804 1725 1144 1806 imbribus,
1182 1724 1521 1790 descendit
1563 1725 1633 1789 in
1680 1725 1874 1791 illum
1910 1725 2167 1791 hiatum
2202 1733 2385 1791 aene-

373 1849 634 1913 umque⁴
665 1848 930 1912 equum,
961 1834 1038 1891 ut
1081 1827 1310 1892 ferunt
1352 1827 1638 1911 fabulae,
1675 1828 2163 1911 animadvertit,
2202 1829 2385 1894 cuius

373 1931 442 1995 in
466 1929 779 1994 lateribus
807 1928 983 1994 fores
1011 1936 1262 2012 essent3
1293 1930 1535 2016 quibus
1562 1931 1812 2017 apertis
1834 1952 2071 2017 corpus
2099 1930 2384 2001 hominis
2400 1953 2453 1995 ιε

375 2031 618 2098 mortui
665 2031 836 2096 vidit
882 2031 1338 2118 magnitudine
1381 2032 1716 2098 invisitata
1758 2033 2164 2118 anulumque
2207 2055 2386 2099 aure-

373 2157 488 2200 um
512 2135 578 2198 in
614 2134 826 2221 digito
847 2155 865 2217 ;
895 2154 1093 2221 quem
1117 2142 1194 2199 ut
1216 2134 1520 2219 detraxit,
1545 2135 1686 2222 ipse
1715 2135 1935 2200 induit
1964 2135 2132 2221 (erat
2157 2144 2383 2202 autem

372 2239 593 2326 regius
628 2238 894 2325 pastor),
927 2247 1073 2302 tum
1115 2237 1185 2302 in
1231 2237 1585 2304 concilium
1630 2259 1699 2304 se
1734 2247 2076 2324 pastorum
2109 2239 2383 2326 recepit.

372 2341 482 2408 Ibi
532 2363 685 2408 cum
731 2339 947 2428 palam
997 2341 1137 2406 eius
1181 2340 1364 2414 anuli
1407 2339 1491 2405 ad
1539 2339 1828 2427 palmam
1868 2347 2300 2432 converterat,
2347 2363 2387 2406 a

372 2445 557 2511 nullo
587 2444 956 2527 videbatur,
987 2443 1128 2531 ipse
1172 2451 1394 2508 autem
1430 2443 1655 2508 omnia
1688 2442 1993 2526 videbat3
2038 2442 2215 2508 idem
2249 2465 2453 2508 rur-20

371 2571 480 2614 sus
506 2549 870 2629 videbatur,
895 2568 1045 2612 cum
1069 2547 1137 2610 in
1163 2545 1385 2611 locum
1407 2545 1683 2610 anulum
1705 2545 2085 2610 inverterat.
2145 2543 2385 2631 Itaque
2430 2587 2440 2594 -

370 2652 494 2716 hac
545 2650 994 2737 oportunitate
1043 2647 1226 2712 anuli
1272 2669 1428 2712 usus
1480 2648 1748 2733 reginae
1799 2655 2104 2735 stuprum
2153 2647 2384 2715 intulit

370 2774 577 2839 eaque
634 2750 954 2816 adiutrice
1004 2771 1229 2836 regem
1282 2749 1625 2815 dominum
1687 2750 2045 2832 interemit,
2096 2750 2382 2833 sustulit,

371 2875 538 2941 quos
581 2853 837 2918 obstare
880 2851 1334 2935 arbitrabatur,
1372 2873 1497 2916 nec
1540 2852 1610 2915 in
1646 2851 1750 2917 his
1792 2873 1947 2918 eum
1982 2852 2383 2919 facinoribus

372 2955 717 3043 quisquam
753 2954 970 3041 potuit
1010 2953 1253 3020 videre.
1343 2954 1454 3020 Sic
1501 2962 1773 3040 repente
1826 2953 2009 3018 anuli
2060 2953 2451 3020 beneficiosa
2515 2965 2517 2968 ’

373 3079 488 3122 rex
517 3064 784 3122 exortus
819 3063 919 3122 est
948 3055 1215 3144 Lydiae.
1305 3055 1511 3122 Hunc
1540 3056 1745 3143 igitur
1775 3057 1990 3143 ipsum
2022 3055 2296 3122 anulum
2326 3057 2382 3120 si

369 3160 608 3248 habeat
658 3160 936 3247 sapiens,
983 3159 1192 3226 nihilo
1245 3159 1393 3246 plus
1446 3158 1811 3225 sibi·licere
1854 3167 2045 3245 putet
2089 3179 2379 3244 peccare,

370 3285 572 3352 quam
607 3263 663 3328 si
711 3285 844 3329 non
880 3261 1187 3345 haberet3
1241 3262 1513 3327 honesta
1558 3261 1737 3326 enim
1784 3261 1973 3326 bonis
2017 3261 2197 3344 viriS,
2243 3282 2381 3327 non

276 3385 350 3438 39
371 3367 624 3434 occulta
667 3373 1092 3452 quaeruntur.
1182 3365 1414 3450 Atque
1459 3362 1585 3429 hoc
1627 3362 1773 3430 loco
1816 3363 2197 3451 philosophi
2242 3365 2382 3450 qui-

370 3471 544 3552 dam,
576 3468 852 3534 minime
883 3467 1038 3532 mali
1073 3467 1172 3531 illi
1206 3467 1499 3553 quidem,
1530 3465 1644 3531 sed
1680 3487 1814 3532 non
1851 3467 2007 3532 satis
2042 3467 2237 3546 acuti,
2275 3466 2449 3530 fic-ao

371 3583 506 3636 tam
543 3578 611 3637 et
645 3569 1170 3636 commenticiam
1207 3567 1503 3635 fabulam
1538 3567 1863 3654 prolatam
1898 3569 2127 3634 dicunt
2162 3583 2203 3630 a
2236 3565 2382 3655 Pla-

371 3681 566 3754 tone3
623 3670 809 3757 quasi
847 3691 1001 3734 vero
1051 3670 1164 3736 ille
1197 3678 1312 3738 aut
1341 3669 1594 3736 factum
1630 3669 1701 3735 id
1742 3689 1882 3736 esse
1925 3676 2037 3734 aut
2082 3665 2226 3734 fieri
2271 3684 2381 3750 po-
