2867 4334
1023 399 1159 453 Lm.
1197 403 1244 454 1.
1316 401 1472 453 cAP.
1512 401 1627 454 2-4.
1700 400 1729 462 5
1765 404 1908 453 7-12.
2380 403 2471 466 ·15

461 552 728 619 videtur
757 573 896 618 esse
929 551 1127 634 utile3
1170 573 1325 618 cuni
1362 551 1544 616 enim
1580 550 1831 617 utilitas
1866 551 1949 617 ad
1983 560 2054 616 so
2082 509 2328 638 rapere,
2360 549 2469 615 ho-

461 664 676 720 nestas
725 663 958 720 contra
1005 675 1311 720 revocare
1353 653 1438 718 ad
1483 675 1553 719 se
1594 654 1879 736 videtur,
1916 651 1995 718 fit
2036 661 2117 718 ut
2160 651 2469 718 distraha

463 769 571 825 tur
590 760 660 824 in
693 759 1119 826 deliberando
1148 759 1410 824 animus
1439 759 1826 845 adferatque
1856 759 2213 861 ancipitem
2242 779 2467 826 curam

461 861 814 949 cogitandi.
882 860 1028 927 Hac
1051 862 1394 944 divisione,
1415 882 1565 926 cum
1590 861 1945 948 praeterire
1910 849 2221 947 aliquid
2246 873 2562 929 maim-10

417 985 644 1029 smum
682 965 918 1028 vitium
957 964 1028 1028 iu
1064 963 1425 1030 dividendo
1460 965 1566 1044 sit,
1599 963 1731 1029 duo
1775 963 2237 1050 praetermissa
2280 975 2465 1050 sunt3

461 1088 582 1132 nec
610 1067 789 1132 enim
819 1066 1034 1132 solum
1070 1075 1295 1131 utrum
1337 1065 1690 1132 honestum
1736 1087 1819 1130 an
1858 1074 2055 1154 turpe
2089 1069 2194 1152 sit,
2230 1069 2469 1135 delibe-

457 1173 588 1238 rari
624 1170 810 1252 solet,
841 1171 1187 1238 sedetiam
1226 1172 1485 1237 duobus
1521 1171 1875 1257 propositis
1915 1171 2207 1240 honestis
2242 1183 2465 1240 utrum

459 1273 818 1356 honestius,
861 1273 1158 1361 itemque
1201 1274 1463 1339 duobus
1510 1272 1865 1359 propositis
1916 1274 2191 1340 utilibus
2245 1285 2467 1341 utrum

461 1375 708 1442 utilius·
782 1375 906 1460 Ita,
930 1397 1129 1464 quam
1160 1375 1275 1441 ille
1304 1374 1635 1462 triplicem
1668 1376 1929 1462 putavit
1957 1398 2096 1442 esse
2126 1379 2466 1461 rationem,

394 1498 446 1538 10
465 1479 532 1542 in
565 1478 856 1565 quinque
883 1487 1102 1565 partes
1130 1477 1438 1543 distribui
1470 1477 1709 1543 debere
1738 1479 2081 1565 reperitur.
2162 1478 2467 1546 Primum

461 1580 669 1667 igitur
697 1589 794 1646 est
829 1581 912 1647 de
947 1581 1246 1664 honesto,
1276 1579 1390 1645 sed
1435 1580 1811 1667 dupliciter,
1841 1591 1987 1646 tum
2031 1583 2174 1682 pari
2218 1583 2470 1650 ratione

455 1683 546 1749 de
576 1683 745 1764 utili,
776 1692 928 1770 post
956 1684 1041 1749 de
1071 1683 1559 1770 comparatione
1590 1705 1818 1750 eorum
1850 1675 2321 1752 disserendum.
2414 1693 2419 1698 ’

458 1829 462 1834 ·
547 1785 890 1872 Principio
933 1786 1163 1872 generi
1200 1786 1640 1852 animantium
1685 1787 1867 1853 omni
1904 1796 2002 1853 est
2031 1809 2069 1853 a
2100 1797 2331 1855 natura
2359 1757 2558 1901 tri-g

461 1888 716 1970 butum,
773 1897 848 1953 ut
899 1909 988 1970 se,
1045 1888 1255 1953 vitam
1301 1909 1673 1976 corpusque
1717 1895 2000 1971 tueatur,
2045 1890 2331 1958 declinet
2373 1914 2467 1976 ea,

393 2016 445 2057 ιε
462 2013 629 2078 quae
656 1991 956 2058 nocitura
982 1990 1348 2073 videantur,
1377 1992 1749 2078 omniaque,
1774 2013 1941 2078 quae
1970 1992 2105 2059 sint
2132 1995 2214 2060 ad
2242 1997 2468 2061 viven·
2504 2023 2515 2066 ι
2571 2029 2600 2076 ,-

462 2095 620 2160 dum'
653 2096 1032 2179 necessaria,
1069 2097 1375 2183 anquirat
1409 2104 1479 2160 et
1520 2103 1724 2182 paret,
1761 2104 1838 2160 ut
1880 2103 2164 2182 pastum,
2209 2106 2287 2163 ut
2330 2098 2469 2184 lati-

461 2198 634 2283 bula,
664 2208 743 2265 ut
769 2200 896 2266 alia
924 2200 1186 2287 generis
1217 2199 1531 2265 eiusdem.
1600 2197 1967 2264 Commune
1989 2200 2152 2264 item
2182 2201 2470 2265 animan-

461 2291 631 2366 ‘t'ium
688 2303 990 2368 omnium
1041 2310 1140 2368 est
1185 2301 1666 2369 coniunctionis
1708 2301 2041 2388 adpetitus
2086 2304 2470 2389 procreandi

461 2425 651 2470 causa
671 2412 738 2470 et
761 2410 918 2470 cura
947 2405 1268 2492 quaedam
1304 2425 1553 2485 eorum,
1573 2424 1739 2489 quae
1762 2411 2098 2488 procreata
2126 2413 2279 2469 sunt
2302 2427 2319 2487 3
2357 2407 2470 2472 sed

393 2506 639 2572 winter
671 2506 1008 2575 hominem
1045 2513 1114 2576 ει
1157 2509 1422 2577 beluam
1470 2507 1596 2573 hoc
1639 2505 1925 2569 maxime
1969 2505 2260 2588 interest,
2291 2509 2469 2593 quod

460 2607 621 2676 haec
668 2619 950 2693 tantum,
999 2619 1323 2698 quantum
1379 2629 1574 2676 sensu
1620 2614 1946 2688 movetur,
1992 2605 2074 2670 ad
2119 2607 2190 2672 id
2234 2609 2467 2693 solum,

461 2711 639 2797 quod
670 2713 854 2778 adest
882 2715 1191 2800 quodque
1219 2733 1528 2801 praesens
1565 2717 1683 2793 est,
1714 2731 1783 2775 se
1826 2709 2274 2777 accommodat
2317 2734 2469 2799 pau-

461 2812 599 2880 lum
623 2816 977 2882 admodum
1004 2818 1292 2882 sentiens
1313 2815 1741 2904 praeterit-um
1770 2820 1885 2878 aut
1901 2811 2239 2899 futurum3
2270 2814 2467 2882 homo

463 2925 704 3002 autem,
755 2919 932 3005 quod
984 2919 1258 2985 rationis
1308 2928 1407 2985 est
1461 2919 1807 3006 particePS,
1852 2938 1975 3003 per
2018 2938 2216 3003 quam
2254 2939 2471 2984 conse-

393 3021 731 3105 &quentia
759 3023 988 3104 cernit,
1019 3043 1242 3088 causas
1271 3043 1490 3088 rerum
1527 3022 1715 3087 videt
1751 3041 2107 3107 earumque
2142 3041 2469 3106 praegres-

461 3142 570 3188 ειιε
619 3132 688 3190 ει
733 3124 920 3210 quasi
966 3125 1441 3190 antecessiones
1486 3145 1617 3189 non
1670 3125 1953 3211 ignorat,
2004 3122 2468 3189 similitudines

459 3236 799 3312 comparat
826 3229 1151 3314 rebusque
1180 3225 1635 3313 praesentibus
1664 3226 1969 3313 adiungit
2006 3234 2206 3312 atque
2240 3224 2469 3289 adnec-

462 3328 546 3392 tit
572 3328 854 3411 futuras,
888 3328 1085 3394 facile
1116 3328 1319 3394 totius
1354 3328 1532 3394 vitae
1561 3349 1821 3394 cursum
1859 3328 2044 3393 videt
2078 3328 2161 3391 ad
2192 3347 2467 3412 eamque

461 3426 822 3515 degendam
857 3439 1198 3518 praeparat
1227 3451 1330 3497 res
1359 3431 1763 3496 necessarias·
1822 3427 2205 3514 Eademque
2234 3435 2467 3495 natura
2489 3441 2560 3493 12

393 3530 529 3594 aovi
558 3532 828 3598 rationis
857 3533 1192 3599 hominem
1224 3532 1534 3598 conciliat
1562 3531 1817 3597 homini
1847 3536 1915 3594 et
1943 3531 2025 3594 ad
2056 3530 2371 3598 orationis
2400 3542 2468 3598 et

459 3632 540 3697 ad
564 3635 740 3700 vitae
769 3636 1148 3701 societatem
1172 3635 1649 3720 ingeneratque
1678 3633 1747 3695 in
1774 3631 2005 3716 primis
2034 3634 2462 3721 praecipuum

458 3736 787 3820 quendam
825 3758 1113 3802 amorem
1159 3736 1228 3800 in
1268 3755 1397 3817 eos,
1435 3734 1552 3819 qui
1588 3733 1910 3820 procreati
1953 3742 2128 3816 sunt,
2157 3734 2461 3823 impellit·
