2867 4334
441 387 531 452 -38
953 359 966 388 ·’
1227 376 1330 428 nn
1371 373 1681 430 omens

442 552 549 598 res
576 529 843 618 publica
876 535 1014 612 est3
1057 549 1181 596 nec
1207 527 1387 596 enim
1420 525 1613 596 aliter
1638 535 1755 594 aut
1782 526 1927 615 regi
1956 526 2185 594 civitas
2214 531 2329 594 aut
2358 525 2470 593 de-

446 634 676 702 clarari
709 631 912 698 animi
943 632 1336 718 magnitudo
1370 639 1611 720 potest.
1670 615 2207 718 -anpessentibus
2241 634 2467 696 autem

441 758 584 803 rem
610 735 942 823 publicam
959 735 1176 801 nihilo
1204 735 1426 800 minus
1444 731 2112 822 ‘quam-philosophis,
2129 733 2309 799 haud
2333 733 2467 799 scio

445 861 529 906 an
569 839 780 925 magis
821 838 1024 906 etiam
1067 846 1136 903 et
1169 836 1667 925 magnificentia
1707 846 1779 902 et
1811 836 2247 924 despicientia
2288 836 2469 901 adhi-

445 942 663 1009 benda
691 951 790 1006 est
819 961 1039 1006 rerum
1066 940 1523 1024 humanarum,
1548 961 1749 1028 quam
1780 960 1973 1028 saepe
2000 939 2173 1022 dico,
2198 947 2265 1005 et
2294 947 2489 1004 trau··
2508 963 2537 1004 ⁶

430 1043 742 1132 quillitas
774 1043 978 1108 animi
1013 1051 1214 1130 atque
1254 1044 1587 1126 securitas,
1616 1043 1947 1129 siquidem
1982 1063 2107 1107 nec
2146 1042 2324 1107 auxii
2363 1040 2467 1106 fu-

353 1152 427 1214 73
447 1147 580 1212 turi
601 1154 758 1212 sunt
779 1152 848 1212 et
877 1167 1029 1211 cum
1057 1145 1386 1232 gravitate
1406 1144 1905 1232 constantiaque
1927 1143 2193 1211 victuri.
2278 1143 2468 1222 Quae

440 1248 744 1316 :faciliora
786 1255 941 1315 sunt
977 1248 1408 1338 philosophis,
1440 1270 1574 1336 quo
1616 1249 1841 1316 minus
1884 1247 2093 1325 multa
2126 1253 2357 1334 patent
2393 1247 2464 1312 iu

431 1373 682 1421 eorum>
723 1352 879 1434 vita,
908 1372 1078 1438 quae
1105 1350 1393 1418 ,fortuna
1435 1351 1655 1434 feriat,
1686 1358 1756 1417 et
1792 1371 1924 1438 quo
1968 1350 2192 1418 minus
2229 1349 2467 1417 multis

442 1455 644 1524 ‚rebus
679 1462 902 1541 egent,
931 1443 1004 1520 et
1035 1453 1210 1541 quia,
1239 1454 1297 1520 si
1332 1454 1497 1540 quid
1532 1452 1793 1521 adversi
1830 1453 2117 1537 eveniat,
2147 1461 2285 1519 tam
2324 1473 2536 1540 gra-10

447 1557 624 1625 viter
669 1557 901 1624 cadere
949 1578 1086 1622 non
1133 1564 1432 1644 possunt.
1521 1555 1850 1635 Quocirca
1898 1577 2034 1623 non
2084 1555 2229 1623 sine
2274 1575 2467 1622 causa

444 1659 725 1728 maiores
745 1663 968 1757 inotiis
993 1659 1366 1725 animorum
1397 1659 1813 1726 concitantur
1833 1659 2209 1744 maioraque
2236 1657 2469 1726 studia

353 1785 360 1792 ·
433 1762 775 1830 efficiendi
811 1783 955 1831 rem
989 1761 1324 1850 publicam
1367 1763 1753 1850 gerentibus
1796 1759 1995 1848 quam
2041 1761 2303 1848 quietis,
2333 1782 2470 1848 quo

447 1865 661 1953 magis
687 1865 772 1930 iis
799 1872 868 1931 et
896 1864 1290 1953 magnitudo
1319 1873 1420 1930 est
1449 1864 1655 1932 animi
1684 1863 2058 1932 adhibenda
2086 1871 2155 1929 et
2177 1864 2469 1930 vacuitas

447 1967 532 2036 ab
573 1967 951 2055 angoribus.
1037 1967 1155 2035 Ad
1189 1989 1333 2033 rem
1371 1957 1729 2053 gerendam
1772 1975 1995 2033 autem
2032 1965 2151 2054 qui
2193 1967 2540 2050 accedit,1⁵

391 2061 395 2065 ’
449 2079 696 2154 caveat,
722 2091 806 2137 ne
835 2070 906 2136 id
928 2070 1128 2136 modo
1158 2067 1548 2153 consideret,
1570 2091 1768 2158 quam
1790 2068 1905 2136 illa
1932 2091 2035 2138 res
2056 2067 2333 2137 honesta
2360 2069 2467 2152 sit,

442 2174 565 2242 sed
599 2174 799 2241 etiam
837 2180 911 2239 ut
943 2173 1186 2240 habeat
1218 2172 1547 2239 efficiendi
1583 2172 2006 2257 facultatem3
2050 2173 2120 2237 in
2158 2195 2291 2260 quo
2326 2173 2472 2260 ipso

449 2273 997 2344 considerandum
1051 2283 1175 2360 est,
1221 2297 1310 2342 ne
1363 2283 1482 2342 aut
1535 2283 1785 2343 temere
1840 2275 2144 2363 desperet
2198 2283 2474 2364 propter

449 2377 786 2467 ignaviam
821 2386 937 2445 aut
969 2377 1170 2444 nimis
1204 2377 1496 2445 confidat
1530 2385 1805 2467 propter
1846 2378 2298 2465 cupiditatem.
2385 2377 2470 2443 In

451 2479 765 2550 omnibus
800 2489 1026 2548 autem
1061 2481 1365 2568 negotiiS,
1396 2481 1583 2568 prius
1616 2502 1816 2569 quam
1860 2480 2261 2568 adgrediare,
2292 2479 2541 2546 adhi-ao

452 2585 667 2652 benda
695 2592 799 2651 est
825 2584 1239 2672 praeparatio
1268 2584 1575 2671 diligenS.
2446 2611 2449 2616 ·

355 2663 448 2809 ἐξ
545 2688 675 2756 Sed
727 2708 880 2752 cum
925 2687 1226 2774 plerique
1273 2687 1682 2753 arbitrentur
1730 2707 1837 2754 res
1876 2685 2143 2752 bellicas
2193 2686 2475 2753 maiores

451 2810 593 2855 esse
627 2810 825 2876 quam
859 2789 1162 2870 urbanas,
1191 2787 1555 2853 minuenda
1596 2795 1696 2854 est
1730 2788 1891 2855 haec
1934 2789 2181 2877 opinio.
2267 2789 2474 2860 Multi

451 2890 634 2957 euim
673 2889 852 2956 bella·
881 2910 1076 2975 saepe
1118 2889 1589 2977 quaesiverunt
1623 2899 1895 2978 propter
1933 2891 2185 2978 gloriae
2228 2892 2475 2980 cupidi·

453 2998 679 3075 tatem,
699 3003 898 3079 atque
919 2991 988 3056 id
1013 2991 1084 3056 in
1109 2991 1368 3078 magnis
1387 2991 1627 3058 animis
1648 2993 2065 3082 ingeniisque
2083 2995 2474 3083 plerumque
2491 3016 2545 3057 25

446 3093 804 3180 contingit,
835 3114 1047 3180 eoque
1081 3094 1312 3180 magiS,
1343 3093 1402 3159 si
1442 3101 1599 3160 sunt
1636 3095 1721 3162 ad
1754 3117 1897 3161 rem
1936 3096 2295 3162 militarem
2334 3097 2474 3182 apti

447 3197 525 3264 'et
545 3196 770 3284 cupidi
794 3195 1116 3265 bellorum
1138 3195 1583 3284 gerendorum
1604 3219 1624 3282 3
1661 3219 1815 3264 vere
1844 3206 2065 3263 autem
2089 3196 2145 3262 si
2167 3196 2475 3264 volumus

451 3299 767 3384 iudicare,
795 3298 1046 3366 multae
1079 3321 1184 3366 res
1219 3300 1585 3366 extiterunt
1618 3301 1906 3368 urbanae
1940 3299 2219 3366 maiores
2255 3299 2478 3367 clario-

361 3413 438 3476 75
455 3425 692 3491 resque
742 3425 943 3490 quam
996 3401 1290 3470 bellicae.
1392 3403 1719 3482 Quamvis
1766 3403 1947 3470 enim
2000 3402 2477 3470 Themistocles

455 3507 601 3574 iure
629 3506 936 3574 laudetur
963 3514 1032 3572 et
1059 3505 1147 3572 sit
1175 3506 1318 3573 eius
1347 3527 1588 3573 nomen
1621 3527 1819 3593 quam
1846 3506 2108 3574 Solonis
2135 3506 2476 3572 inlustrius
2494 3527 2548 3568 ao

457 3611 828 3696 citcturque
857 3608 1136 3677 Salamis
1169 3608 1566 3676 clarissimae
1600 3610 1786 3676 testis
1816 3611 2145 3693 victoriae,
2170 3627 2337 3694 quae
2372 3630 2481 3673 an-

457 3717 813 3800 teponatur
859 3711 1135 3798 consilio
1177 3709 1443 3779 Solonis
1485 3711 1574 3793 ei,
1610 3731 1755 3797 quo·
1786 3711 2080 3796 primum
2131 3705 2479 3775 constituit
