2867 4334
327 370 458 436 154
835 375 846 386 ·
1037 332 1074 376 ·’
1111 365 1213 416 m:
1256 365 1564 418 ormcns
1621 365 1631 372 ·

328 518 580 585 utilitas
608 525 728 604 est,
763 517 1136 605 etquidem
1171 516 1284 601 sic,
1315 524 1392 582 ut
1427 515 1591 582 haec
1634 516 1767 582 duo
1812 516 2015 583 verbo
2058 516 2235 584 inter
2276 539 2347 584 se

235 635 310 690 84
329 622 719 709 discrepare,
749 643 821 686 re
850 642 1058 686 unum
1089 640 1319 686 sonare
1349 619 1720 700 videantur.
1810 617 1969 684 Non
2001 617 2233 704 habeo,
2262 620 2347 686 ad

277 722 514 811 volgi
552 722 945 810 opinionem
998 743 1168 808 quae
1211 721 1424 788 maior
1468 720 1720 786 utilitas
1772 742 1971 808 quam
2028 721 2347 806 regnandi

331 847 470 893 esse
497 825 736 914 possit3
767 823 936 890 nihil
965 832 1192 891 contra
1220 822 1524 889 inutilius
1554 824 1636 904 ei,
1668 824 1785 910 qui
1820 822 1890 888 id
1926 823 2171 889 iniuste
2200 845 2351 890 con-

333 934 594 994 secutus
636 926 744 1009 sit,
780 925 1072 1010 invenio,
1108 947 1258 992 cum
1303 925 1384 991 ad
1418 925 1765 990 veritatem
1811 925 1997 1011 coepi
2042 945 2349 991 revocare
2388 947 2417 988 ιε

333 1029 681 1096 rationem.
768 1026 1060 1095 Possunt
1095 1028 1272 1094 enim
1308 1027 1617 1114 cuiquam
1654 1033 1792 1093 esse
1828 1027 2023 1092 utiles
2050 1048 2346 1113 angores,

335 1132 834 1215 sollicitudines,
858 1130 1082 1196 diurni
1105 1138 1174 1196 et
1204 1130 1512 1196 nocturni
1534 1138 1773 1213 metus,
1799 1129 1934 1194 vita
1964 1129 2350 1195 insidiarum

333 1233 914 1323 periculorumque
943 1232 1373 1320 plenissima?

567 1345 742 1401 Multi
755 1344 949 1416 iniqui
965 1344 1142 1416 'atque
1166 1343 1425 1400 tnfideles
1450 1347 1641 1416 regnO,
1664 1345 1833 1416 pauci
1856 1343 2121 1413 benivoli,

338 1444 557 1532 inquit
607 1443 873 1510 Accius.
963 1443 1064 1508 At
1113 1443 1223 1510 cui
1275 1443 1526 1529 regno?
1614 1442 1812 1521 Quod
1860 1463 1899 1508 a
1951 1440 2229 1508 Tantalo
2284 1448 2353 1507 et
2370 1463 2422 1504 ιο

337 1545 588 1634 Pelope
611 1546 952 1634 proditum
980 1546 1126 1611 iure
1153 1546 1596 1632 optinebatur.
1662 1544 1841 1611 Nam
1866 1551 2117 1632 quanto
2148 1543 2354 1631 pluris

337 1649 402 1715 ei
454 1649 596 1737 regi
647 1656 857 1736 putas,
905 1649 1022 1735 qui
1071 1647 1362 1713 exercitu
1409 1647 1643 1735 populi
1692 1647 1981 1714 Romani
2034 1647 2352 1735 populum

337 1751 556 1836 ipsum
593 1749 974 1817 Romanum
1009 1749 1435 1837 oppressisset
1478 1749 1945 1837 civitatemque
1986 1771 2120 1816 non
2161 1749 2357 1815 modo

222 1890 228 1894 -
340 1852 636 1934 liberam,
684 1852 798 1917 sed
845 1852 1046 1916 etiam
1089 1852 1402 1939 gentibus
1445 1853 1879 1939 imperantem
1932 1852 2179 1918 servire
2216 1851 2356 1917 ’sibi

247 1970 323 2024 85
343 1953 704 2040 coegisset?
791 1951 995 2019 Hunc
1037 1960 1112 2019 tu
1149 1975 1310 2040 quas
1346 1955 1781 2021 conscientiae
1815 1952 1994 2021 labes
2028 1954 2097 2018 in
2136 1955 2355 2020 animo
2373 1975 2424 2018 ιε

342 2076 568 2124 censes
597 2054 920 2137 habuisse,
952 2074 1122 2141 quae
1156 2054 1474 2122 vulnera?
1562 2055 1778 2123 Cuius
1804 2057 2025 2128 autem
2057 2057 2197 2122 vita
2230 2057 2359 2146 ipsi

343 2163 565 2246 potest
615 2156 797 2222 utilis
845 2177 1002 2238 esse,
1049 2178 1203 2223 cum
1247 2157 1390 2224 eius
1434 2157 1608 2224 vitae
1652 2179 1729 2224 ea
1758 2159 2217 2241 'condicio'sit'‚
2262 2169 2357 2241 ut,

344 2260 462 2348 qui
506 2258 685 2324 illam
719 2258 1055 2346 eripuerit,
1087 2259 1158 2324 in
1194 2259 1485 2324 maxima
1518 2267 1585 2326 et
1619 2261 1832 2348 gratia
1865 2261 2149 2326 futurus
2169 2262 2256 2327 sit
2290 2268 2360 2327 et

343 2361 600 2450 gloria?
687 2360 942 2440 Quodsi
987 2360 1149 2428 hace
1206 2360 1398 2428 utilia
1445 2383 1579 2428 non
1633 2371 1809 2446 sunt,
1854 2367 2041 2450 quae‘
2074 2363 2363 2429 maxime

345 2465 679 2549 videntur,
735 2464 892 2551 quia
933 2462 1131 2551 plena
1175 2470 1330 2544 sunt
1387 2463 1725 2530 dedecoris
1774 2486 1850 2531 ac
1906 2464 2429 2552 turpitudi11i5,2o

345 2569 500 2634 satis
528 2588 912 2655 persuasum
957 2587 1097 2633 esse
1141 2565 1338 2633 debet
1381 2565 1550 2630 nihil
1604 2587 1744 2633 esse
1788 2566 1971 2650 utile,
2002 2566 2181 2654 quod
2225 2570 2360 2634 non

250 2669 705 2806 2²honestum
734 2670 1737 2735 sit..

301 2740 855 2868 z[Quamquam
890 2771 962 2837 id
997 2771 1268 2858 quidem
1305 2793 1457 2836 (111111
1498 2793 1691 2859 saepe
1725 2770 1903 2856 alias,
1935 2780 2081 2839 tum
2116 2771 2365 2860 Pyrrhi

350 2873 523 2940 bello
567 2895 606 2937 a
651 2873 726 2938 O.
760 2870 1064 2939 Fabricio
1100 2871 1365 2939 consule
1408 2875 1651 2940 iterum
1687 2881 1757 2940 et
1791 2895 1829 2940 a
1863 2883 2093 2941 senatu
2138 2883 2364 2940 nostro

347 2973 714 3040 iudicatum
739 2981 858 3039 est.
931 2973 1102 3040 Cum
1128 2974 1303 3040 enim
1325 2997 1443 3040 rex
1468 2975 1769 3063 Pyrrhus
1790 2976 2038 3064 populo
2060 2975 2363 3042 Romano
2379 2999 2433 3042 π
2458 2999 2468 3004 ’

347 3074 601 3142 bellum
635 3072 814 3140 ultro
856 3074 1224 3166 intulisset,
1253 3083 1537 3164 cumque
1582 3079 1665 3144 de
1708 3079 1988 3166 imperio
2031 3085 2363 3145 certamen

347 3184 520 3244 esset
548 3198 702 3243 cum
733 3199 891 3264 rege
917 3199 1237 3265 generoso
1261 3200 1334 3245 ac
1357 3180 1637 3266 potenti,
1661 3182 1945 3268 perfuga
1965 3181 2046 3247 ab
2077 3200 2155 3247 eo
2177 3180 2367 3246 venit

349 3281 422 3346 in
457 3288 666 3348 castra
701 3279 962 3346 Fabrici
991 3281 1187 3368 eique
1220 3288 1320 3347 est
1354 3281 1712 3368 pollicitus,
1743 3283 1798 3349 si
1833 3283 2200 3370 praemium
2238 3283 2368 3350 sibi

349 3383 814 3470 proposuisset,
849 3404 941 3466 se,
987 3391 1064 3448 ut
1105 3382 1274 3449 clam
1321 3384 1628 3468 venisset,
1664 3386 1757 3451 sic
1800 3386 1965 3452 clam
2011 3385 2081 3450 in
2118 3385 2366 3472 Pyrrhi

350 3473 562 3551 castra
611 3484 980 3574 rediturum
1032 3493 1101 3550 et
1143 3507 1299 3553 eum
1355 3507 1614 3553 veneno
1664 3495 2073 3554 necaturum.
2162 3487 2435 3554 Huncao

350 3585 696 3653 Fabricius
723 3575 1172 3652 reducendum
1202 3587 1566 3658 curavit-ad
1590 3588 1957 3676 Pyrrhum,
1987 3589 2190 3677 idque
2220 3588 2367 3653 eius

343 3689 604 3762 <factum
636 3687 976 3753 laudatum
1007 3710 1046 3754 a
1074 3697 1304 3756 senatu
1333 3697 1452 3757 est.
1524 3690 1761 3779 Atqui,
1786 3691 1842 3757 si
1870 3690 2155 3777 speciem
2190 3686 2365 3753 utili-

252 2829 356 2882 86
