2867 4334
376 393 463 458 96
1157 389 1259 439 DE
1301 384 1611 442 ormcns

375 560 573 629 quem
597 539 682 604 ad
706 537 978 605 modum
1003 537 1204 624 vivat,
1228 535 1592 626 inquiritur
1612 545 1701 623 et,
1724 547 2063 626 tamquam
2085 540 2156 605 in
2179 527 2393 607 claris-

265 662 280 670 *
375 644 540 708 sima
567 641 716 708 luce
747 648 1062 724 versetur,
1085 641 1180 707 ita
1210 641 1471 708 nullum
1496 643 1846 709 obscurum
1869 649 2088 729 potest
2117 665 2239 710 nec
2262 643 2393 709 dic-

278 758 357 812 45
377 752 522 812 tum
550 744 690 811 eius
719 765 858 810 esse
885 764 1010 810 nec
1036 743 1312 811 factum.
1389 744 1694 822 Quorum
1723 753 1946 810 autem
1969 745 2185 831 prima
2212 755 2391 811 aetas

373 853 648 935 propter
674 847 1118 913 humilitatem
1148 855 1216 913 et
1246 848 1713 914 obscuritatem
1736 848 1806 913 in
1832 846 2181 914 hominum
2206 848 2390 936 igno-

373 950 630 1016 ratione
677 957 990 1030 versatur,
1019 949 1090 1034 ii,
1127 949 1326 1016 simul
1371 971 1447 1016 ac
1492 950 1767 1017 iuvenes
1818 971 1959 1016 esse
2006 959 2388 1037 coeperunt,
2434 977 2463 1017 ις

375 1074 614 1140 magna
669 1060 961 1140 spectare
1016 1060 1086 1119 et
1141 1053 1224 1119 ad
1269 1074 1347 1120 ea
1388 1053 1585 1120 rectis
1644 1053 1891 1119 studiis·
1942 1053 2187 1119 debent
2246 1073 2395 1120 con-

375 1156 684 1238 tendere;
735 1156 913 1243 quod
965 1177 1045 1222 eo
1100 1154 1392 1222 firmiore
1450 1155 1673 1223 animo
1728 1156 2001 1238 facient,
2046 1157 2204 1242 quia
2256 1176 2392 1220 non

375 1259 574 1325 modo
617 1279 753 1324 non
799 1258 1139 1324 invidetur
1182 1258 1284 1323 illi
1329 1259 1551 1342 aetati,
1584 1280 1815 1324 verum
1860 1259 2061 1324 etiam
2104 1258 2391 1324 favetur.

375 1360 605 1427 Prima
638 1361 847 1448 igitur
874 1368 974 1427 est
1009 1361 1411 1428 adulescenti
1448 1361 1933 1428 commendatio
1969 1362 2050 1426 ad
2086 1361 2391 1447 gloriam,

375 1465 432 1530 si
475 1485 606 1551 qua
638 1485 722 1530 ex
757 1463 1008 1530 bellicis
1046 1464 1238 1530 rebus
1267 1465 1631 1550 comparari
1662 1472 1898 1552 potest,
1925 1463 1995 1528 in
2028 1485 2160 1550 qua
2194 1462 2395 1528 multi
2410 1487 2463 1528 10

376 1568 553 1654 apud
598 1566 874 1632 maiores
926 1576 1180 1632 nostros
1224 1557 1659 1650 exstiterunt3
1722 1587 1980 1653 semper
2022 1567 2201 1631 enim
2247 1566 2393 1630 fere

379 1670 552 1736 bella
599 1670 1016 1757 gerebantur.
1107 1669 1251 1734 Tua
1293 1677 1515 1734 autem
1558 1678 1733 1734 aetas
1776 1668 2011 1734 incidit
2054 1668 2123 1731 in
2164 1667 2232 1732 id
2263 1666 2392 1732 bel·

377 1773 540 1856 lum,
578 1774 764 1838 cuius
807 1772 1011 1838 altera
1061 1793 1210 1860 pars
1253 1771 1513 1838 sceleris
1554 1772 1839 1836 nimium
1885 1770 2141 1854 habuit,
2190 1769 2395 1834 altera

379 1876 718 1941 felicitatis
759 1897 1014 1962 parum.
1104 1875 1256 1954 Quo
1300 1882 1523 1940 tamen
1559 1874 1628 1939 in
1674 1873 1849 1940 bello
1894 1895 2049 1939 eum
2094 1882 2164 1939 te
2193 1873 2395 1939 Pom-

381 1979 570 2067 peius
614 1977 753 2043 alae
801 1977 1046 2064 [alteri]
1093 1977 1534 2066 praefecisset,
1581 1998 1891 2064 magnam
1934 1976 2199 2042 laudem
2246 1982 2313 2040 et
2357 1974 2464 2040 a15

383 2101 642 2148 summo
692 2081 838 2147 viro
884 2088 954 2146 et
1004 2083 1088 2148 ab
1138 2082 1428 2148 exercitu
1482 2081 1964 2167 consequebare
2017 2079 2394 2167 equitandO,

383 2182 747 2267 iaculandO,
786 2183 968 2249 omni
1012 2184 1284 2250 militari
1327 2185 1551 2250 labore
1596 2183 1957 2250 tolerando.
2048 2184 2279 2270 Atque
2322 2203 2399 2247 ea

385 2287 653 2375 quidem
689 2294 802 2352 tua
835 2286 976 2352 laus
1011 2288 1258 2374 pariter
1291 2309 1446 2354 cum
1477 2309 1549 2352 re
1580 2287 1845 2374 publica
1878 2284 2136 2352 cecidit.
2224 2283 2400 2350 Mihi

386 2398 610 2456 autem
638 2389 800 2456 haec
829 2390 1036 2456 oratio
1061 2397 1362 2477 suscepta
1391 2412 1522 2455 non
1550 2390 1633 2455 de
1663 2396 1731 2455 te
1760 2396 1878 2472 est,
1904 2389 2018 2454 sed
2048 2388 2130 2455 de
2159 2409 2401 2475 genere

291 2506 368 2562 46
389 2501 568 2577 toto;
598 2515 797 2581 quam
831 2493 915 2558 ob
946 2515 1083 2558 rem
1117 2513 1470 2580 pergamus
1499 2492 1580 2557 ad
1618 2513 1712 2574 ea,
1745 2511 1913 2577 qnae
1949 2497 2239 2556 restant.⁴
2303 2489 2401 2556 Ut
2418 2512 2470 2552 κο

387 2597 596 2686 igitur
625 2597 694 2660 in
725 2595 997 2681 reliquis
1031 2596 1228 2660 rebus
1256 2595 1467 2660 multo
1498 2595 1745 2659 maiora
1780 2613 1980 2680 opera
2010 2599 2166 2657 sunt
2196 2591 2401 2656 animi

389 2721 590 2787 quam
612 2699 924 2784 corporiS,
950 2697 1042 2762 sie
1062 2717 1176 2762 eae
1199 2718 1321 2779 res,
1346 2718 1507 2783 quas
1529 2697 1799 2784 ingenio
1822 2717 1897 2762 ac
1918 2696 2172 2760 ratione
2196 2716 2405 2782 perse-

390 2802 678 2887 quimur,
701 2799 1018 2884 gratiores
1049 2805 1203 2863 sunt
1232 2819 1430 2884 quam
1463 2797 1634 2880 illae,
1658 2819 1821 2885 quas
1844 2798 2115 2864 viribus,
2175 2796 2406 2863 Prima

391 2902 599 2990 igitur
641 2899 1128 2966 commendatio
1171 2899 1611 2986 proficiscitur
1638 2921 1677 2964 a
1709 2900 2031 2966 modestia
2072 2921 2227 2966 cum
2272 2900 2406 2987 pie·

393 3011 529 3069 tate
565 3003 634 3067 in
671 3007 995 3089 parenteS,
1032 3001 1105 3066 in
1140 3021 1291 3066 suos
1333 3000 1802 3067 benivolentia.
1892 3001 2255 3067 Facillume
2298 3022 2476 3065 ειη-π

394 3115 530 3172 tem
561 3112 632 3172 et
659 3105 729 3168 in
767 3104 1083 3190 optimam
1124 3112 1380 3191 partem
1417 3111 1907 3192 cognoscuntur
1940 3102 2406 3185 adulescentes,

395 3210 512 3298 qui
541 3230 611 3275 se
639 3207 723 3274 ad
753 3207 959 3274 claros
989 3214 1057 3272 et
1085 3207 1412 3294 sapientes
1444 3208 1619 3273 viros
1655 3208 1825 3273 bene
1860 3205 2274 3272 consulentes
2311 3206 2408 3271 rei

397 3311 700 3401 publicae
743 3309 1202 3393 contulerunt3
1246 3310 1641 3396 quibuscum
1692 3310 1747 3374 si
1798 3309 2182 3396 frequentes
2232 3316 2408 3406 sunt,

397 3415 779 3504 opinionem
811 3411 1126 3478 adferunt
1156 3410 1403 3499 populo
1425 3434 1655 3477 eorum
1686 3411 1833 3478 fore
1855 3433 1926 3478 se
1954 3411 2221 3494 similes,
2246 3432 2411 3497 quos

304 3526 378 3586 47
399 3519 526 3584 sibi
577 3517 707 3605 ipsi
758 3515 1126 3602 delegerint
1171 3514 1253 3580 ad
1297 3512 1716 3580 imitandum.
1805 3514 1885 3579 P.
1931 3512 2151 3580 Rutili
2195 3511 2479 3578 eduis-so

399 3620 714 3685 scentiam
745 3617 827 3683 ad
859 3617 1242 3703 opinionem
1273 3624 1341 3682 et
1371 3616 1788 3682 innocentiae
1816 3627 1883 3682 et
1911 3616 2073 3680 iuris
2102 3613 2410 3678 scientiae

401 3719 481 3790 P.
513 3719 697 3788 Muci
733 3717 1228 3787 commendavit
1261 3719 1517 3784 domus.
1604 3715 1780 3783 Nam
1817 3717 1891 3782 L.
1924 3717 2191 3802 quidem
2230 3714 2415 3780 Cras«

2856 455 2858 464 -
2830 331 2867 391 „A
2854 185 2867 313 a...
2850 0 2867 147 ψη...-
