2867 4334
978 370 1119 421 LIB.
1157 369 1231 420 11.
1303 368 1461 420 CAP.
1502 369 1550 432 ⁷,
1586 371 1633 420 8.
1707 367 1737 429 ς
1771 370 1952 420 25-29.
2397 370 2479 433 89

464 519 955 600 defendissent3
997 519 1222 606 itaque
1256 516 1893 609 illudpatrocinium
1923 517 2098 584 orbis
2127 524 2340 584 terrae
2369 519 2606 603 ve-(2'7)

462 625 599 691 rius
643 644 842 712 quam
885 623 1240 708 imperium
1275 629 1535 708 poterat
1577 620 1923 708 nominari.
2013 620 2272 688 Sensim
2306 619 2478 688 hauc

463 725 1007 793 consuetudinem
1047 734 1116 789 ct
1151 723 1567 810 disciplinam
1602 723 1735 788 iam
1772 731 1965 788 antea
1999 723 2475 807 minuebamUS‚

463 834 614 916 post
647 848 808 894 vero
837 825 1058 893 Sullae
1093 825 1438 892 victoriam
1468 824 1735 911 penitus
1769 825 2143 908 amisimus3
2189 825 2476 892 desitum

419 937 565 998 sest
608 930 786 996 enim
822 928 1034 994 videri
1069 929 1421 1015 quicquam
1456 929 1525 993 in
1571 927 1780 994 socios
1818 928 2144 1015 iniquum,
2176 950 2329 994 cum
2374 950 2477 994 ex-

463 1033 736 1099 stitisset
768 1031 840 1096 in
884 1030 1062 1099 cives
1097 1037 1279 1096 tanta
1322 1030 1691 1097 crudelitas.
1778 1029 1959 1117 Ergo
1993 1031 2063 1096 in
2097 1030 2215 1097 illo
2256 1039 2477 1098 secuta

463 1143 566 1202 est
606 1134 949 1201 honestam
995 1153 1254 1199 causam
1297 1154 1432 1199 non
1479 1132 1755 1198 honesta
1797 1133 2110 1216 victoria3
2154 1139 2255 1198 est
2295 1135 2477 1200 enim

462 1259 656 1303 ausus
699 1237 936 1320 dicere,
968 1235 1155 1302 hasta
1198 1236 1413 1323 posita
1454 1257 1609 1301 cum
1649 1235 1821 1301 bona
1863 1235 1932 1300 in
1969 1235 2118 1302 foro
2161 1235 2477 1302 venderet

464 1349 533 1406 et
575 1341 899 1406 bonorum
943 1339 1239 1405 virorum
1281 1346 1350 1404 et
1392 1337 1823 1427 locupletium
1870 1344 1939 1404 et
1982 1345 2159 1404 certe
2206 1339 2474 1423 civium,

399 1465 450 1506 ιο
465 1446 506 1479 “
527 1441 833 1530 praedam
855 1463 925 1507 se
953 1463 1138 1507 suam
1162 1439 1512 1507 vendere.’'
1601 1441 1878 1507 Secutus
1908 1446 2025 1523 est,
2046 1441 2161 1529 qui
2190 1441 2261 1506 in
2285 1463 2476 1508 causa

464 1548 689 1636 impia,
716 1548 990 1614 victoria
1033 1547 1235 1613 etiam
1269 1547 1569 1614 foediore
1604 1568 1739 1613 non
1778 1545 2189 1634 singulorum
2226 1547 2506 1615 civium.

465 1651 635 1718 bona
676 1649 1061 1738 publicaret,
1093 1649 1209 1716 sed
1252 1650 1589 1716 universas
1632 1649 2001 1736 provincias
2044 1649 2475 1736 regionesque

463 1774 597 1820 uno
641 1739 1031 1820 calamitatis
1065 1751 1211 1818 iure
1254 1751 1863 1839 comprehenderet.
1950 1751 2187 1840 Itaque
2222 1751 2474 1818 vexatis
2493 1762 2570 1815 28

463 1875 537 1922 ac
569 1855 846 1943 perditis
881 1854 1123 1921 exteris
1157 1854 1538 1920 nationibus
1573 1854 1655 1921 ad
1685 1854 2065 1942 exemplum
2102 1855 2320 1922 amissi
2357 1856 2476 1920 im·

398 1981 448 2022 1⁵
466 1959 630 2046 perii
664 1959 909 2047 portari
954 1958 1023 2023 in
1062 1957 1414 2046 triumpho·
1440 1956 1802 2024 Massiliam
1839 1957 2125 2024 vidimus
2169 1966 2236 2025 et
2271 1979 2353 2024 ex
2398 1980 2475 2025 ea

466 2063 625 2128 urbe
648 2061 1064 2150 triumphari,
1088 2061 1231 2128 sine
1262 2083 1394 2148 qua
1422 2082 1785 2149 numquam
1810 2061 2017 2127 nostri
2046 2061 2475 2149 imperatores

463 2184 546 2232 ex
579 2163 1025 2252 Transalpinis
1059 2164 1248 2230 bellis
1285 2163 1800 2252 triumpharunt.
1890 2162 2107 2229 Multa
2142 2173 2475 2252 praeterea

464 2288 1044 2335 commemorarem
1073 2268 1329 2333 nefaria
1359 2267 1429 2332 in
1462 2267 1685 2348 socios,
1710 2267 1764 2331 si
1795 2265 1919 2332 hoc
1955 2288 2090 2333 uno
2121 2267 2473 2354 quicquam

463 2369 562 2436 sol
605 2369 876 2437 vidisset
917 2369 1277 2457 indignius,
1383 2369 1543 2436 Iure
1593 2369 1799 2454 igitur
1845 2368 2214 2454 plectimur.
2320 2369 2473 2434 Nisi

396 2495 450 2537 20
465 2473 642 2540 enim
677 2473 1038 2540 multorum
1074 2473 1383 2560 inpunita
1415 2470 1660 2538 scelera
1693 2470 2085 2554 tulissemus,
2111 2491 2471 2557 numquam

462 2576 545 2643 ad
580 2598 788 2643 unum
825 2584 1010 2642 tanta
1044 2575 1452 2663 pervenisset
1487 2573 1787 2656 licentia3
1834 2594 1871 2638 a
1905 2592 2038 2659 quo
2073 2572 2341 2660 quidem
2377 2573 2472 2639 rei

462 2678 806 2745 familiaris
848 2679 933 2744 ad
975 2699 1239 2766 paucos,
1270 2676 1714 2764 cupiditatum
1756 2675 1838 2742 ad
1877 2673 2119 2740 multos
2163 2674 2476 2762 inprobos

464 2782 649 2847 venit
677 2780 1023 2847 hereditas,
1110 2779 1259 2848 Nec
1291 2801 1445 2847 vero
1474 2800 1792 2867 umquam
1823 2777 2146 2845 bellorum
2176 2777 2472 2844 civilium
2494 2791 2570 2846 29

464 2904 686 2951 semen
707 2890 775 2949 et
796 2895 985 2950 causa
1003 2883 1234 2967 deerit,
1253 2882 1413 2949 dum
1428 2883 1739 2970 ¹homines
1756 2882 1997 2969 perditi
2015 2881 2267 2948 hastam
2292 2881 2472 2948 illam

395 2992 800 3052 &cruentam
836 2993 906 3052 et
941 2985 1363 3052 meminerint
1403 2993 1473 3051 et
1506 2986 1896 3072 sperabunt3
1949 3006 2149 3072 quam
2184 2983 2264 3051 P.
2291 2985 2476 3053 Sulla.

463 3110 614 3156 cum
647 3089 966 3155 vibrasset
1001 3088 1318 3155 dictatore
1351 3089 1727 3176 propinquo
1760 3110 1900 3173 suo,
1924 3088 2101 3155 idem
2139 3095 2325 3155 sexto
2361 3089 2477 3153 tri-

462 3192 752 3260 censirno
804 3212 978 3258 anno
1030 3199 1179 3279 post
1223 3212 1260 3256 a
1303 3191 1710 3259 sceleratiore
1761 3190 1946 3258 hasta
1995 3213 2131 3258 non
2176 3191 2475 3271 recessit3

462 3293 628 3360 alter
670 3302 910 3376 autem,
943 3293 1059 3380 qui
1102 3293 1171 3357 in
1218 3292 1332 3360 illa
1366 3294 1690 3361 dictatura
1734 3295 1945 3360 scriba
1973 3292 2212 3373 fuerat,
2245 3293 2311 3355 in
2352 3290 2476 3356 hac

462 3393 598 3460 fuit
627 3403 930 3480 quaestor
965 3395 1266 3462 urbanus.
1358 3395 1464 3462 Ex
1499 3417 1633 3483 quo
1668 3394 1865 3462 debet
1901 3392 2198 3478 intellegi
2234 3391 2475 3457 talibus

394 3495 768 3582 sopraemiis
818 3497 1170 3584 propositis
1227 3517 1593 3583 numquam
1644 3493 1957 3562 defutura
2007 3493 2179 3560 bella
2229 3492 2468 3559 civilia.
2564 3579 2569 3583 ι

461 3597 699 3686 Itaque
736 3600 1017 3685 parietes
1052 3599 1252 3666 modo
1285 3599 1469 3664 urbis
1502 3604 1679 3662 stant
1713 3604 1781 3662 et
1815 3602 2107 3679 manent,
2131 3595 2311 3681 iique
2344 3595 2476 3683 ipsi

459 3701 594 3770 iam
629 3709 922 3769 extrema
958 3701 1200 3790 scelera
1228 3706 1619 3786 metuentes,
1642 3721 1785 3764 rem
1816 3717 1972 3766 vero
2006 3697 2340 3787 publicam
2368 3720 2477 3786 pe-
