2867 4334
982 414 1121 466 LIB.
1153 415 1226 466 11.
1298 415 1455 467 CAP.
1488 417 1569 478 22,
1603 417 1685 466 23.
1757 413 1787 476 ἓ
1816 417 1845 466 7
1851 417 1991 468 7-82.
2360 416 2487 480 111'

479 561 745 650 tyranni
797 565 1151 632 existerent
1208 571 1276 633 et
1334 573 1709 653 optumates
1764 566 2364 631 exterminarentur
2418 573 2486 630 et

477 666 988 755 praeclarissime
1030 655 1387 733 constituta
1429 689 1535 734 res
1577 668 1841 754 publica
1886 668 2321 750 dilaberetur3
2365 689 2487 734 nec

476 791 642 849 vero„
667 769 880 835 solum
916 769 1060 856 ipsa
1092 770 1350 852 cecidit,
1387 770 1503 836 sed
1548 771 1747 836 etiam
1784 770 2103 858 reliquam
2140 771 2486 838 Graeciam

477 872 716 950 evertit
744 873 1249 960 contagionibus
1287 873 1629 960 malorum,
1660 895 1827 960 quae
1870 896 1911 940 a
1950 873 2488 956 Lacedaemoniis

432 974 809 1061 spi-ofectae
856 983 1206 1040 manarunt
1256 974 1468 1041 latius.
1558 975 1781 1054 Quida
1825 983 2082 1043 nostros
2135 975 2486 1060 Gracchos,

476 1077 578 1142 Ti.
613 1077 893 1144 Gracchi
929 1079 1173 1143 summi
1208 1078 1336 1147 viri
1360 1078 1562 1161 filios,
1595 1078 1905 1144 Africani
1942 1087 2233 1165 nepotes,
2264 1100 2487 1144 nonne

475 1179 765 1266 agrariae
815 1180 1272 1247 contentiones
1323 1181 1796 1268 perdiderunt?
1883 1181 1984 1246 At
2028 1203 2185 1246 vero
2240 1182 2576 1246 Aratus81

478 1281 828 1368 Sicyonius
878 1282 1021 1348 iure
1072 1282 1395 1366 laudatur,
1443 1285 1578 1370 qui,
1624 1305 1801 1349 cum,
1830 1283 1969 1348 eius
2022 1283 2255 1349 civitas
2299 1283 2488 1369 quin·

477 1385 799 1471 quaginta
835 1406 1042 1452 annos
1078 1409 1118 1450 a
1155 1387 1453 1472 tyrannis
1500 1393 1853 1468 teneretur,
1901 1386 2237 1472 profectus
2280 1385 2487 1471 Argis

410 1505 464 1548 ιο
481 1487 829 1573 Sicyonem
861 1486 1264 1554 clandestino
1287 1489 1565 1554 introitu
1594 1489 1759 1555 urbe
1782 1495 1881 1554 est
1904 1489 2175 1574 potituS,
2200 1510 2486 1574 cumque

479 1597 836 1675 tyrannum
876 1589 1219 1656 Nicoclem
1261 1591 1623 1677 improviso
1667 1591 2112 1677 oppressisset,
2158 1598 2485 1656 sescentos

479 1691 752 1778 exsuleS,
797 1692 914 1778 qui
957 1692 1459 1779 locupletissimi
1500 1692 1767 1758 fuerant
1801 1693 1943 1780 eius
1976 1693 2282 1775 civitatis,
2306 1693 2485 1758 resti-

479 1796 609 1860 tuit
635 1816 908 1882 remque
938 1794 1267 1880 publicam
1299 1795 1593 1861 adventu
1623 1817 1741 1862 suo
1762 1795 2091 1862 liberavit.
2170 1795 2304 1863 Sed
2332 1817 2485 1862 cum

479 1918 784 1983 magnam
845 1897 1399 1970 animadverteret
1456 1897 1530 1962 in
1595 1897 1795 1966 bonis
1842 1907 1911 1964 et
1973 1899 2487 1986 possessionibus

412 2020 464 2062 15
481 1999 954 2083 difficultatem,
987 2001 1165 2087 quod
1211 2007 1278 2066 et
1322 2021 1453 2084 eos,
1500 2023 1665 2088 quos
1707 2001 1849 2088 ipse
1892 2003 2285 2086 restituerat,
2331 2025 2487 2089 quo-

479 2123 628 2167 rum
659 2102 831 2167 bona
859 2102 972 2168 alii
1004 2103 1447 2189 possederant,
1480 2125 1671 2190 egere
1700 2104 2186 2190 iniquissimum
2216 2127 2355 2172 esse
2387 2127 2488 2174 ‚ar-

482 2204 846 2270 bitrabatur
887 2212 956 2270 et
999 2207 1482 2292 quinquaginta
1524 2228 1849 2274 annorum
1888 2209 2319 2293 possessiones
2355 2229 2487 2274 mo-

483 2307 625 2390 veri
670 2328 800 2372 non
841 2307 1038 2373 nimis
1073 2329 1354 2395 aequum
1391 2309 1684 2395 putabat,
1734 2317 2079 2395 propterea
2129 2311 2305 2396 quod
2351 2319 2487 2376 tam

484 2408 684 2496 longo
728 2410 940 2496 spatio
985 2411 1195 2476 multa
1229 2410 1722 2492 hereditatibus,
1771 2410 1977 2476 multa
2022 2411 2487 2505 emptionibus,

415 2512 694 2577 somulta
736 2508 1002 2578 dotibus
1045 2513 1441 2578 tenebantur
1483 2513 1624 2578 sine
1652 2512 1911 2594 iniuria,
1936 2511 2251 2578 iudicavit
2274 2533 2491 2598 neque

483 2614 615 2680 illis
649 2614 853 2680 adimi
889 2637 1010 2682 nec
1044 2615 1128 2680 iis
1161 2637 1294 2682 non
1332 2615 1489 2681 satis
1519 2615 1682 2697 fieri,
1720 2635 2002 2700 quorum
2048 2614 2163 2680 illa
2206 2613 2488 2699 fuerant,

482 2725 802 2803 oportere.
893 2717 1066 2784 Cum
1102 2718 1308 2804 igitur
1338 2717 1667 2783 statuisset
1698 2739 1864 2804 opus
1892 2738 2028 2784 esse
2057 2717 2137 2782 ad
2168 2739 2312 2783 eam
2350 2740 2485 2784 rem
2510 2730 2587 2786 82

483 2819 1008 2886 constituendam
1036 2821 1330 2907 pecunia,
1356 2821 1844 2886 Alexandream
1871 2843 1939 2886 se
1968 2819 2290 2908 proficisci
2322 2822 2493 2888 velle

483 2921 655 2986 dixit
711 2942 986 3008 remque
1028 2923 1355 3009 integram
1399 2922 1497 2988 adv
1528 2923 1815 2990 reditum
1861 2945 2054 2989 suum
2099 2924 2290 2990 iussit
2331 2946 2492 3008 esse,

416 3022 670 3110 cesisque
691 3023 992 3090 celeriter
1019 3023 1101 3090 ad
1132 3023 1613 3109 Ptolomaeum,
1650 3047 1843 3090 suum
1886 3025 2238 3114 hospitem,
2288 3028 2489 3110 venit,

484 3125 601 3212 qui
649 3133 794 3191 tum
845 3127 1160 3212 regnabat
1203 3125 1372 3192 alter
1411 3135 1562 3213 post
1604 3127 2092 3194 Alexandream
2138 3129 2491 3195 conditam.

487 3228 615 3295 Oui
651 3249 803 3293 cum
839 3229 1244 3315 exposuisset
1275 3229 1555 3316 patriam
1590 3251 1658 3295 se
1692 3228 1969 3296 liberare
2004 3229 2177 3295 velle
2212 3251 2494 3294 causam·

486 3350 617 3415 quc
652 3329 996 3414 docuisset,
1033 3352 1071 3395 a
1105 3353 1260 3418 rege
1296 3332 1613 3419 opulento
1650 3333 1753 3397 vir
1796 3352 2093 3397 summus
2138 3330 2334 3395 facile
2377 3331 2495 3396 im-

488 3432 793 3517 petravit,
828 3441 906 3499 ut
950 3434 1184 3520 grandi
1221 3435 1502 3521 pecunia
1544 3434 1985 3499 adiuvaretur.
2078 3431 2296 3509 Quam
2341 3454 2493 3498 cum

420 3555 472 3596 so
492 3534 841 3619 Sicyonem
871 3537 1215 3620 attulisset,
1247 3537 1550 3602 adhibuit
1578 3536 1706 3603 sibi
1734 3536 1805 3600 in
1836 3532 2181 3600 consilinm
2226 3534 2497 3620 quinde-

489 3636 621 3703 cim
642 3638 988 3726 principes,
1011 3661 1160 3706 cum
1185 3640 1425 3726 quibus
1448 3659 1669 3704 causas
1690 3636 2000 3724 cognovit
2022 3643 2089 3702 et
2112 3657 2361 3719 eorum,
2381 3641 2497 3725 qui

489 3739 702 3806 aliena
732 3741 1066 3824 tenebant,
1097 3749 1165 3807 et
1201 3761 1449 3824 eorum,
1482 3741 1601 3829 qui
1633 3761 1750 3806 sua
1792 3737 2162 3824 amiserant,
2194 3740 2499 3827 perfecit-
