2867 4334
985 392 1126 443 LIB.
1165 388 1269 443 111.
1341 391 1498 443 CAP.
1536 383 1677 443 4-6.1
1725 389 1755 452 ξ
1788 391 1968 442 20-26.
2346 391 2471 455 131

461 537 826 629 numquam
864 535 1366 625 committet,·ut
1412 535 1704 616 alienum
1747 547 2016 628 appetat
2058 547 2128 606 et
2171 539 2279 623 id,
2294 539 2474 627 quod

461 646 652 712 alteri
697 646 1076 728 detraxerit,
1107 644 1232 710 sibi
1275 645 1597 710 adsumat.
1684 643 1953 745 Etenim
2003 642 2215 709 multo
2263 643 2473 729 magis
2494 655 2569 710 24

462 756 562 815 est
597 742 957 816 secundum
993 755 1293 813 naturam
1339 747 1676 814 excelsitas
1718 739 1929 812 animi
1968 754 2036 812 et
2079 745 2557 846 magnitudo
2550 767 2555 771 ·

463 853 756 939 itemque
807 851 1101 933 comitaS,
1149 850 1420 933 iustitia,
1475 849 1829 916 liberalitas
1886 870 2111 935 quam
2134 848 2468 950 voluptas„

420 976 663 1041 squam
693 953 850 1037 vita,
882 973 1080 1040 quam
1111 952 1418 1017 divitiae·
1402 1001 1420 1034 ,
1458 966 1623 1038 quae
1653 951 1921 1038 quidem
1956 958 2375 1018 contemnere
2404 945 2473 1018 et

463 1079 584 1145 pro
613 1057 824 1122 nihilo
853 1057 1093 1122 ducere
1115 1064 1601 1142 comparantem
1635 1077 1785 1120 cum
1818 1054 2107 1120 utilitate
2137 1055 2475 1120 communi

463 1160 687 1246 magni
715 1159 920 1224 animi
942 1165 1011 1224 et
1041 1157 1420 1223 excelsiest.
1500 1155 1897 1240 [Detrahere
1918 1163 2140 1220 autem
2164 1148 2247 1221 de
2270 1155 2475 1222 altero

463 1261 565 1325 sui
616 1255 977 1326 commodi
999 1281 1191 1326 causa
1240 1259 1451 1346 magis
1502 1269 1601 1324 est
1643 1265 1873 1323 contra
1924 1251 2249 1323 naturam
2274 1278 2473 1344 quam

464 1381 660 1445 mels,
685 1358 883 1448 quam
915 1361 1118 1444 dolor,
1141 1380 1342 1447 quam
1366 1368 1580 1426 cetera
1601 1361 1859 1447 generis
1882 1353 2196 1432 eiusdem.
2200 1363 2227 1445 ]
2276 1359 2475 1424 Item‘-
2492 1378 2569 1430 25

395 1486 448 1528 ιο
466 1486 594 1551 qne
619 1465 827 1552 magis
850 1473 947 1531 est
969 1463 1326 1530 secundum
1352 1455 1649 1529 naturam
1676 1485 1796 1550 pro
1816 1463 2121 1528 omnibus
2142 1463 2472 1548 gentibue,
2532 1468 2557 1514 f

463 1569 519 1634 si
547 1567 693 1634 fieri
723 1568 943 1654 possit,
977 1566 1439 1633 conservandis
1472 1575 1605 1632 aut
1616 1566 1921 1638 iuvandis
1953 1566 2275 1630 maximos
2302 1565 2475 1631 labo·

465 1693 568 1737 res
599 1671 1061 1757 molestiasque
1091 1669 1418 1757 suscipere
1453 1669 1826 1734 imitantem
1848 1667 2223 1734 ⁴Herculem
2259 1669 2471 1752 illum,

463 1794 660 1861 quem
692 1767 1043 1840 hominum
1081 1764 1767 1839 fama'benefic-iorum
1803 1785 2057 1838 memor
2089 1772 2157 1835 in
2196 1761 2475 1838 concilio

463 1877 838 1943 caelestium
894 1875 1262 1958 collocavit,
1308 1896 1505 1961 quam
1552 1875 1775 1941 vivere
1818 1875 1887 1940 in
1941 1875 2295 1940 solitudine
2339 1895 2472 1939 non

395 2001 448 2042 ιτ»
465 1978 661 2044 modo
691 1979 834 2043 sine
867 1976 1020 2042 ullis
1051 1976 1387 2059 molestiis,
1420 1977 1533 2042 sed
1571 1977 1771 2043 etiam
1806 1977 1876 2042 in
1913 1978 2219 2044 maximis
2249 1968 2475 2064 volup-

462 2081 710 2146 tatibus
744 2080 1189 2146 abundantem
1227 2080 1533 2146 omnibus
1582 2080 1810 2178 copiis,
1844 2088 1918 2146 ut
1958 2071 2237 2146 excellas
2272 2073 2473 2145 etiam

462 2181 956 2270 pulchritudine
993 2191 1062 2248 et
1091 2182 1360 2249 viribus·
1455 2182 1777 2260 Quocirca
1806 2183 2061 2269 optimo
2092 2181 2371 2281 quisque
2405 2189 2473 2247 et

464 2277 1036 2371 splendidissimo
1051 2275 1323 2372 ingenio
1374 2283 1573 2370 longe
1619 2283 1800 2348 illam
1847 2284 2055 2349 vitam
2100 2283 2257 2349 huic
2299 2290 2475 2348 ante-

463 2386 672 2472 ponit.
728 2385 848 2452 Ex
871 2408 1003 2472 quo
1032 2385 1314 2452 efficitur
1341 2384 1681 2452 hominem
1714 2395 1985 2450 naturae
2014 2377 2471 2452 oboedientem

393 2489 716 2555 mhomini
749 2510 984 2555 nocere
1011 2482 1144 2554 non
1178 2511 1385 2576 posse.
1478 2479 1761 2571 Deinde,
1791 2488 1909 2575 qui
1938 2485 2469 2568 alterum-violat,-
2492 2505 2567 2558 26

463 2600 538 2658 ut
568 2593 710 2680 ipse
747 2591 998 2680 aliquid
1033 2592 1365 2658 commodi
1403 2599 1857 2677 consequatul,
1895 2597 2008 2655 aut
2045 2588 2213 2654 nihil
2258 2588 2474 2655 existi-

461 2703 599 2760 mat
629 2717 698 2762 se
725 2696 948 2762 facere
977 2701 1202 2760 contra
1239 2701 1541 2759 naturam
1574 2702 1688 2759 aut
1722 2693 1935 2781 magis
1970 2690 2293 2790 fugienda
2327 2713 2469 2757 cen·

459 2805 559 2863 set
589 2806 894 2881 mortem,
930 2805 1416 2885 paupertatem,
1442 2797 1757 2880 dolorem,
1805 2796 2218 2862 amissionem
2270 2795 2471 2860 etiam

459 2900 838 2983 liberorum,
875 2901 1421 2987 propinquorum,
1459 2901 1819 2966 amicorum
1858 2921 2057 2986 quam
2092 2898 2307 2964 facere
2344 2897 2472 2964 cui-

392 3028 444 3068 25
461 3022 660 3088 quam
717 3003 1048 3067 iniuriam.
1141 3001 1214 3068 Si
1273 3001 1443 3067 nihil
1475 2990 1833 3068 existimat
1883 3008 2111 3067 contra
2167 3008 2471 3065 naturam

459 3103 606 3170 fieri
650 3103 1030 3170 hominibus
1074 3103 1418 3186 violandis,
1464 3103 1625 3189 quid
1676 3125 1828 3170 cum
1880 3124 1959 3197 eo
2010 3103 2304 3184 disseras,
2355 3100 2471 3187 qui

461 3208 732 3273 omnino
783 3206 1124 3272 hominem
1177 3227 1259 3271 ex
1310 3205 1579 3271 homine
1623 3205 1850 3270 tollat?
1910 3205 2013 3269 sin
2073 3202 2471 3287 fugiendum

461 3309 529 3374 id
565 3308 836 3395 quidem
872 3315 1116 3390 censet,
1148 3308 1261 3373 sed
1299 3307 1513 3373 multo
1548 3306 1663 3372 illa
1695 3307 1952 3393 peiora‚
1978 3312 2281 3400 mortem,
2318 3323 2471 3396 pau-

461 3418 805 3508 pertatem,
847 3410 1164 3494 dolorem,
1205 3397 1377 3476 errat
1423 3411 1495 3474 in
1544 3431 1643 3490 eo,
1692 3408 1869 3494 quod
1917 3406 2132 3471 ullum
2180 3410 2297 3468 aut
2342 3424 2471 3468 cor-

395 3512 638 3598 soporis
675 3520 788 3578 aut
821 3513 1133 3579 fortunae
1177 3499 1424 3577 vitium
1466 3509 1648 3576 vitiis
1683 3509 1883 3574 animi
1922 3506 2191 3593 gravius
2233 3505 2471 3570 existu-

462 3623 618 3680 mat.
705 3614 890 3714 Ergo
920 3636 1132 3679 unum
1176 3614 1373 3680 debet
1408 3634 1547 3679 esse
1585 3612 1892 3677 omnibus
1929 3608 2363 3698 propositum,
2393 3615 2471 3672 ut
2508 3625 2551 3693 fi

459 3717 689 3782 eadem
751 3717 839 3782 sit
881 3703 1192 3780 utilitas
1208 3703 1406 3780 unius
1461 3713 1780 3799 cuiusque
1840 3719 1909 3778 et
1976 3710 2467 3779 universorum·
2448 3757 2469 3793 ,
