2867 4334
865 1139 874 1144 ‚
919 1034 1434 1120 M.'1'ULL11
1511 1033 2085 1125 CICERONIS

576 1231 712 1326 DE
785 1232 1242 1330 OFFIOIIS
1305 1235 1455 1328 AD
1524 1233 1981 1329 MARCUM
2048 1161 2423 1332 FILlUM

1141 1431 1420 1500 LIBER
1476 1432 1860 1501 PRIMUS.

583 1693 1000 1781 Quamquam
1054 1701 1140 1776 te,
1186 1691 1411 1759 Marce
1460 1691 1579 1774 fili,
1626 1713 1875 1760 annum
1933 1694 2068 1761 iam
2125 1661 2563 1804 audientem}

495 1795 912 1884 Cratippum,
941 1796 1144 1883 idque
1186 1795 1499 1878 Athenis,
1528 1796 1863 1863 abundare
1896 1803 2159 1886 oportet
2200 1820 2506 1888 praecep·

493 1899 582 1964 tis
608 1899 1062 1985 institutisque
1097 1896 1555 1984 philosophiae
1588 1904 1863 1986 propter
1894 1921 2219 1966 summam
2255 1911 2325 1968 et
2358 1902 2505 1969 doc·

493 2002 658 2068 toris
706 2001 1166 2068 auctoritatem
1218 2008 1287 2066 et
1339 2000 1540 2083 urbis,
1572 2021 1853 2087 quorum
1897 2000 2073 2069 'aster
2114 2012 2183 2070 te
2232 2005 2505 2071 scientia

279 2137 296 2165 Q
332 2034 734 2191 stangere
763 2110 1000 2190 potest,
1026 2103 1230 2168 altera
1258 2102 1602 2189 exemplis,
1627 2111 1868 2184 tamen,
1894 2112 1969 2170 ut
1997 2105 2069 2192 ip
2102 2127 2140 2171 e
2168 2105 2250 2171 ad
2286 2127 2502 2172 meam
2604 2143 2695 2222 ,λ

493 2206 854 2272 utilitatem
888 2225 1150 2292 semper
1181 2226 1337 2271 cum
1373 2205 1641 2271 Graecis
1676 2204 1911 2272 Latina
1938 2207 2085 2272 coni
2186 2207 2254 2272 xi
2287 2229 2504 2295 neque
2530 2201 2601 2266 δ’

244 2244 470 2416 jd
491 2307 564 2373 id
594 2308 668 2373 in
701 2307 1118 2395 philosophia
1149 2306 1384 2389 solnm,
1408 2307 1519 2372 sed
1558 2306 1759 2394 etiam
1789 2308 1859 2371 in
1897 2308 2160 2374 dicendi
2195 2289 2659 2468 exercita-BV&

493 2411 678 2476 tione
718 2409 874 2493 feci,
903 2409 1080 2474 idem
1132 2409 1258 2474 tibi
1302 2430 1537 2476 censeo
1578 2409 1981 2492 faciendum,
2013 2418 2090 2474 ut
2132 2431 2251 2496 par
2300 2377 2501 2478 Sisjffi

493 2513 840 2599 utriusque
881 2511 1198 2578 orationis
1239 2511 1576 2578 facultate.
1668 2511 1885 2588 Quam
1928 2511 2201 2596 quidem
2236 2514 2317 2578 ad
2362 2535 2503 2580 rem

425 2637 478 2678 ιο
495 2637 636 2699 nos,
654 2624 731 2681 ut
754 2615 1075 2698 videmur,
1099 2635 1416 2702 magnum
1450 2612 1793 2678 attulimus
1815 2611 2271 2679 adiumentum
2300 2613 2505 2681 homi-

493 2719 693 2784 nibus
713 2718 971 2799 nostris,
991 2725 1070 2782 ut
1092 2737 1224 2782 non
1249 2716 1449 2782 modo
1472 2715 1873 2781 Graecarum
1896 2705 2262 2781 litterarum
2260 2718 2589 2888 w
2614 2793 2621 2801 ι
2656 2793 2661 2799 ¹

495 2821 610 2886 sed
641 2820 840 2886 etiam
864 2819 1040 2886 docti
1064 2818 1476 2906 aliquantum
1506 2840 1576 2885 se
1598 2818 2001 2884 arbitrentur
2020 2818 2259 2907 adepto
2418 2823 2503 2906 agl
2708 2804 2713 2813 ¹

496 2923 850 2988 dicendum
880 2930 948 2988 et
977 2921 1061 2986 ad
1095 2921 1543 2987 iudicandum.
1631 2919 1847 2998 Quam
1886 2921 1972 2986 ob
2006 2942 2146 2988 rem
2183 2891 2557 2996 disces'fflz

491 3026 764 3112 quidem
789 3031 797 3036 '
825 3033 864 3089 a
905 3024 1221 3111 'principe
1278 3022 1475 3088 huius
1532 3021 1773 3106 aetatis,
1826 3023 2389 3112 philosophorum,
2436 3035 2504 3092 et

429 3128 730 3212 mdisces,'
757 3148 957 3214 quam
1001 3125 1117 3190 diu
1155 3099 1971 3208 volesffiffimtem
2006 3127 2181 3193 velle
2214 3127 2500 3209 debebis,

497 3229 714 3317 quoad
760 3238 847 3313 te,
873 3235 1210 3316 'quantum
1253 3226 1576 3315 proficias,
1607 3250 1741 3294 non
1793 3229 2198 3315 paenitebit'3
2248 3231 2361 3293 sed
2413 3238 2503 3293 ta-

497 3355 650 3400 men
673 3341 904 3416 nostra*
925 3332 988 3397 le
1037 3351 1154 3397 ens
1177 3352 1310 3397 non
1539 3331 1625 3395 'm
1649 3353 1688 3395 a
1711 3329 2170 3416 Peripateticis
2192 3329 2502 3394 dissiden-

496 3438 611 3518 tia,'
648 3435 960 3522 quoniam
1013 3433 1234 3520 utriqu
1330 3432 1646 3500 Socratici
1698 3439 1767 3496 et
1816 3430 2147 3496 Platonici
2195 3429 2504 3499 volumus

498 3559 658 3620 esse,
683 3509 988 3603 mus
1017 3535 1174 3622 ipsis
1209 3543 1396 3600 utere
1432 3543 1550 3598 tuo
1586 3532 1828 3596 iudicio
1856 3529 2053 3616 (nihil
2086 3529 2266 3596 enim
2300 3532 2502 3622 impe-

427 3639 656 3727 ndio),
687 3634 1647 3718 orationemJu—temLatiuam
1682 3631 1920 3697 efficies
1954 3629 2252 3718 profecto
2286 3633 2503 3722 legen·

499 3741 599 3808 dis
640 3739 884 3806 nostris
924 3737 1334 3826 pleniorem(
1397 3733 1549 3801 Nec
1584 3753 1741 3798 vero
1784 3731 1909 3799 hoc
1951 3741 2332 3820 arroganter
2374 3737 2504 3802 dic·
