2867 4334
990 395 1130 446 LIB.
1168 395 1215 448 L
1285 394 1444 446 CAP.
1486 391 1667 448 18-202
1738 394 1767 456 5
1800 397 1981 447 61-67.
2415 396 2498 460 35

485 545 690 612 animi
719 545 1186 632 magnitudine
1215 566 1525 613 maxume
1558 544 1845 630 excellit,
1876 543 1971 610 ita
2008 543 2319 612 maxume
2355 544 2499 611 vult

482 650 788 736 princeps
831 649 1133 716 omnium
1175 649 1282 716 tel
1325 648 1550 737 potius
1592 649 1769 715 solus
1810 670 1969 716 esse.
2056 649 2347 716 Difficile
2390 669 2499 716 au-

482 759 619 838 tem
671 761 791 835 est,
829 775 982 818 cum
1035 761 1362 840 praestare
1414 752 1723 819 omnibus
1772 753 2201 841 concupieriS‚
2238 752 2497 820 servare

483 856 901 942 aequitatem,
939 877 1108 942 quae
1159 862 1257 922 est
1307 853 1597 921 iustitiae
1646 876 1954 922 maxume
2004 857 2291 944 propria.
2390 855 2496 924 Ex

441 977 613 1043 squo
635 955 733 1038 fit,
754 957 854 1021 ut
848 977 1078 1044 neque
1108 956 1587 1044 disceptatione
1609 957 1787 1022 vinci
1818 978 1887 1022 se
1916 977 2039 1032 nec
2068 957 2207 1024 ullo
2228 957 2496 1045 publico

481 1080 556 1124 ac
595 1058 898 1146 legitimo
948 1059 1094 1124 iure
1137 1059 1499 1146 patiantur,
1534 1059 1959 1147 existuntque
2002 1060 2071 1123 in
2117 1081 2191 1127 re
2232 1060 2495 1147 publica

480 1159 873 1248 plerumque
908 1161 1248 1249 largitores
1291 1170 1360 1228 et
1393 1162 1675 1243 factiosi,
1708 1167 1788 1226 ut
1832 1183 1991 1249 opes
2031 1184 2229 1249 quam
2275 1185 2497 1228 maxu-

479 1284 622 1329 mas
671 1273 1158 1352 consequantur
1205 1272 1274 1332 et
1317 1265 1451 1330 sint
1498 1265 1567 1329 vi
1610 1263 1831 1350 potius
1880 1266 2247 1351 superiores
2297 1286 2495 1352 quam

481 1366 734 1432 iustitia
790 1389 1012 1454 pares,
1108 1367 1262 1434 Sed.
1295 1389 1433 1454 quo.
1490 1365 1841 1450 difficilius,
1876 1365 2004 1446 hoc
2059 1366 2493 1454 praeclarins;

414 1491 468 1534 ιο
485 1468 743 1535 nullum
787 1471 966 1535 enim
1012 1463 1111 1538 est
1147 1472 1428 1558 tempus,
1461 1469 1640 1558 quod
1678 1470 1931 1535 iustitia
1967 1491 2195 1536 vacare
2238 1470 2491 1537 debeat.

481 1570 718 1638 Fortes
751 1571 960 1659 igitur
996 1580 1066 1638 et
1102 1573 1509 1658 magnanimi
1546 1579 1703 1638 sunt
1736 1571 2043 1656 habendi,
2076 1594 2209 1638 non
2244 1573 2363 1659 qui
2396 1572 2495 1638 fa·
2514 1584 2591 1639 65

479 1674 686 1757 ciunt,
709 1676 824 1741 sed
852 1675 970 1762 qui
1003 1675 1439 1763 propulsant·
1418 1696 1597 1741 mun
1598 1697 1751 1743 ι3ιιι
1782 1675 2021 1767 'Vera
2054 1685 2277 1742 autem
2306 1683 2375 1744 et
2404 1697 2497 1742 83-

483 1778 674 1884 piens
707 1778 936 1844 animi
947 1779 1340 1868 magnitudo
1375 1778 1724 1844 honestum
1760 1731 1921 1844 illud
1930 1757 2149 1866 ‚quod
2176 1799 2496 1846 maxume

467 1889 734 1948 natura
745 1881 1062 1968 sequitur,
1085 1882 1166 1946 in-
1188 1881 1384 1948 factis
1405 1829 2219 1969 posituancrr-i’st-glnria
2244 1882 2495 1975 indicat

415 1984 982 2084 1sprincipemque
1001 2005 1082 2050 se
1115 2005 1254 2050 esse
1285 1983 1538 2049 mavult
1568 2005 1765 2085 quam
1798 1985 2051 2068 videri;
2092 1985 2340 2052 etenim
2376 1986 2495 2072 qui

481 2111 568 2154 ex
602 2109 820 2154 errore
852 2087 1198 2175 imperitae
1229 2086 1677 2152 multitudinis
1697 2087 1972 2174 vpendet,
1996 2087 2156 2154 hic
2136 2110 2207 2152 ιιι
2233 2089 2495 2176 magnis

483 2190 642 2256 viris
685 2212 824 2259 ιιοιι
871 2198 971 2256 est
1011 2190 1372 2258 habendus·
1462 2189 1804 2256 Facillime
1852 2197 2073 2256 autem
2126 2191 2357 2257 adres
2398 2192 2575 2285 iri-st
2612 2243 2625 2269 ‚,
2695 2237 2703 2254 .

482 2294 687 2360 iustas
713 2293 1077 2381 inpellitur,
1101 2293 1479 2380 utquisque
1508 2293 1825 2358 altissimo
1854 2293 2076 2370 animo
2105 2301 2223 2376 est,
2246 2293 2493 2380 gloriae

481 2397 882 2516 cupiditate3
925 2398 1044 2484 qui
1078 2396 1260 2465 locus
1291 2409 1394 2462 est
1429 2417 1585 2462 sane
1619 2394 1929 2477 lubricus,
1954 2395 2131 2481 quod
2169 2395 2281 2462 vix
2314 2397 2494 2462 inve·

413 2500 700 2582 sonitur,
715 2500 831 2586 qui
874 2499 1206 2566 laboribus
1255 2498 1576 2586 susceptis
1626 2497 2065 2584 periculisque
2114 2497 2309 2562 aditis
2357 2519 2489 2564 non

481 2603 666 2691 quasi
697 2602 1067 2669 mercedem
1097 2623 1318 2671 rerum
1348 2608 1683 2688 gestarum
1715 2598 2041 2666 desideret
2068 2598 2401 2685 gloriam.

567 2706 861 2771 Omnino
897 2704 1092 2770 fortis
1126 2705 1384 2770 animus
1424 2710 1494 2770 et
1530 2723 1809 2790 magnus
1834 2701 2097 2768 duabus
2122 2702 2328 2770 rebus
2361 2725 2491 2768 ma·

481 2809 659 2875 xime
701 2808 1011 2890 cernitur,
1043 2829 1320 2894 quarum
1367 2829 1527 2873 una
1544 2807 1615 2872 in
1656 2827 1877 2872 rerum
1921 2813 2343 2871 externarum
2384 2763 2544 2872 dc·6

464 2911 834 2998 spicientia·
860 2910 1151 2998 ponitur,
1182 2932 1334 2976 cum
1357 2914 1753 2998 'persuasum
1795 2915 1893 2975 est
1927 2909 2097 2974 nihil
2131 2909 2491 2993 hominem,

413 3013 607 3079 annisi
642 3011 821 3101 quod
855 3013 1207 3078 honestum
1243 3012 1685 3100 decorumque
1727 3012 1833 3095 sit,
1864 3019 1981 3078 aut
2022 3011 2333 3096 admirari
2376 3021 2491 3079 aut

480 3125 708 3205 optare
757 3122 874 3182 aut
916 3123 1224 3204 expetere
1273 3123 1577 3203 oportere
1623 3115 1941 3202 nullique*
1975 3136 2194 3202 neque
2234 3115 2489 3182 homin-i

481 3241 694 3306 neque
737 3217 1223 3305 perturbationi
1264 3219 1473 3283 animi
1516 3241 1638 3285 nec
1680 3218 1992 3285 fortunae
2036 3218 2489 3284 subcumbere.

481 3321 716 3388 Altera
749 3329 850 3388 est
885 3319 1316 3405 reS‚·ut,'cum
1351 3321 1447 3386 ita
1481 3321 1569 3386 sis
1601 3319 1877 3386 affectus
1910 3319 2155 3400 animo,
2183 3327 2261 3383 ut
2288 3339 2491 3404 ,supra

482 3423 640 3507 dixi,
669 3446 772 3490 res
807 3445 994 3511 geras
1031 3444 1301 3508 magnas
1334 3422 1480 3488 illas
1514 3422 1783 3510 quidem
1825 3429 1894 3486 ct
1929 3440 2237 3484 maxume
2271 3419 2487 3502 utiles,

413 3549 466 3591 so
481 3526 592 3592 sed
634 3527 764 3612 [ut]
804 3527 1234 3594 vehementer
1275 3525 1510 3591 arduas
1545 3524 1901 3610 plenasque
1935 3520 2233 3586 laborum
2278 3528 2357 3588 et
2379 3544 2488 3609 pe·

477 3628 837 3696 riculorum
881 3651 1032 3696 cum
1076 3629 1272 3708 vitae,
1310 3635 1457 3692 tum
1505 3624 1863 3692 multarum
1909 3643 2151 3706 rerum,
2186 3645 2355 3711 quae
2405 3626 2489 3691 ad

477 3731 686 3798 vitam
750 3728 1109 3820 pertinent.
1225 3727 1487 3794 Harum
1550 3747 1772 3794 rerum
1835 3725 2115 3792 duarum
2180 3727 2491 3816 splendor
2509 3728 2583 3793 67

2494 2670 2586 2816 ξῠ
