2867 4334
160 2393 174 2421 A
237 2387 247 2404 ¹⁴

144 2421 153 2430 v
173 2421 206 2444 st·

408 409 492 474 1-6
1197 402 1297 452 nn
1341 378 1649 453 osmcns

409 578 558 645 que,
590 563 667 620 ut
695 553 1040 621 hominum
1071 551 1296 619 coetus
1325 560 1393 618 et
1421 550 1890 618 celebrationes
1918 556 1987 616 et
2016 571 2155 616 esse
2188 557 2257 617 et
2285 571 2323 616 a
2345 573 2414 617 se

317 651 324 672 ⁸
408 659 579 727 obiri
605 656 784 738 gelit
835 657 922 723 ob
971 677 1211 743 easque
1261 676 1483 722 causas
1532 653 1791 719 studeat
1834 675 2061 740 parare
2106 674 2201 737 ea,
2246 675 2415 741 quae

410 760 836 850 suppeditent
871 759 954 824 ad
989 758 1243 824 cultum
1279 765 1347 823 et
1382 757 1467 824 ad
1505 757 1775 838 victum,
1808 777 1929 822 nec
1964 756 2091 822 sibi
2126 755 2268 839 soli,
2298 759 2412 824 sed

409 864 695 951 con-iugi,
733 861 958 928 liberis
992 861 1374 948 ceterisque,
1413 881 1578 946 quos
1622 880 1801 925 caros
1834 857 2073 937 habeat
2109 859 2414 946 tuerique

408 969 642 1034 debeat
662 987 680 1049 ;
725 985 894 1052 quae
927 985 1084 1030 cura
1119 963 1475 1030 exsuscitat
1510 961 1711 1027 etiam
1745 961 2001 1027 animos
2034 969 2103 1027 et
2138 963 2414 1029 maiores
2454 989 2481 1030 a

315 1087 387 1139 13
407 1071 491 1137 ad
521 1071 660 1137 rem
691 1067 1044 1156 gerendam
1078 1065 1261 1132 facit.
1323 1065 1402 1131 In
1439 1064 1802 1152 primisque
1831 1062 2121 1130 hominis
2150 1073 2249 1130 est
2272 1088 2415 1152 pro-

409 1173 551 1260 pria
608 1172 749 1238 veri
799 1169 1142 1257 inquisitio
1189 1174 1388 1254 atque
1444 1166 1887 1253 investigatio.
1974 1165 2210 1253 Itaque
2262 1189 2413 1234 cum

405 1296 632 1342 sumus
666 1273 1044 1340 necessariis
1077 1272 1363 1359 negotiis
1391 1269 1697 1355 curisque
1729 1268 1938 1351 vacui,
1968 1277 2111 1334 tum
2142 1289 2414 1336 avemus

405 1378 655 1464 aliquid
677 1377 924 1459 videre,
949 1374 1195 1456 andire,
1219 1372 1554 1438 addiscere
1582 1370 2163 1457 cognitionemque
2190 1393 2411 1438 rerum

405 1489 520 1546 aut
555 1479 962 1546 occultarum
995 1485 1111 1543 aut
1153 1473 1643 1542 admirabilium
1687 1474 1771 1539 ad
1816 1474 2004 1540 beate
2048 1474 2409 1542 vivendum
2429 1501 2481 1542 ια

403 1583 828 1650 necessariam
850 1580 1170 1646 ducimus.
1224 1577 1328 1643 Ex
1351 1599 1485 1664 quo
1509 1575 1939 1662 intellegitur,
1960 1577 2138 1664 quod
2160 1600 2409 1662 verum,

405 1685 686 1772 simplex
714 1684 1174 1768 sincerumque
1195 1681 1300 1764 sit,
1330 1680 1400 1745 id
1431 1699 1571 1745 esse
1601 1687 1873 1744 naturae
1903 1677 2191 1746 hominis
2220 1681 2412 1768 aptis-

407 1789 668 1853 simum.
757 1785 938 1852 Huic
961 1785 1103 1850 veri
1136 1783 1405 1850 videndi
1442 1781 1793 1870 cupiditati
1829 1781 2138 1850 adiuncta
2172 1791 2272 1849 est
2306 1784 2412 1850 ad-

405 1891 642 1978 petitio
671 1887 992 1975 quaedam
1036 1882 1462 1986 principatus,
1495 1895 1570 1951 ut
1603 1883 1854 1950 nemini
1892 1906 2118 1970 parere
2152 1886 2412 1952 animus

398 1994 573 2059 -bene
601 1991 996 2057 informatus
1026 2011 1064 2054 a
1093 2000 1324 2055 natura
1349 1989 1511 2055 velit
1540 1988 1667 2053 nisi
1699 1987 2129 2076 praecipienti
2160 1997 2275 2054 aut
2303 1989 2479 2055 do-ns

403 2095 582 2163 centi
611 2102 724 2160 aut
753 2092 1059 2158 utilitatis
1082 2115 1271 2159 causa
1298 2093 1470 2158 iuste
1492 2100 1561 2158 et
1583 2091 1881 2180 legitime
1906 2091 2298 2180 imperanti3
2328 2115 2410 2159 ex

397 2220 538 2286 quo
592 2196 980 2284 magnitudo
1033 2197 1237 2262 animi
1291 2197 1514 2262 existit
1566 2197 2135 2285 humanarumque
2188 2219 2411 2264 rerum

311 2313 387 2368 14
405 2300 832 2386 contemptio.
841 2287 895 2365 xl*
919 2297 1066 2364 Nec
1097 2319 1252 2364 velo
1282 2298 1394 2364 illa
1425 2321 1627 2385 parva
1659 2301 1758 2366 vis
1788 2308 2059 2366 naturae
2094 2309 2193 2366 est
2225 2300 2413 2365 ratio-

405 2403 659 2489 nisque,
705 2401 883 2497 quod
925 2423 1138 2467 unum
1179 2401 1306 2466 hoc
1347 2401 1589 2466 animal
1639 2403 1860 2502 sentit,
1892 2402 2052 2488 quid
2098 2403 2185 2468 sit
2227 2402 2409 2484 ord0‚

405 2505 566 2592 quid
615 2505 720 2588 sit,
753 2505 930 2591 quod
978 2504 1225 2586 deceat,
1257 2503 1326 2569 in
1374 2503 1573 2570 factis
1622 2503 1945 2592 d1ctisque
1992 2505 2108 2591 qui
2156 2504 2407 2569 modus.
2426 2523 2480 2562 20

405 2609 641 2697 Itaque
677 2630 907 2675 eorum
942 2608 1258 2695 ipsorum,
1304 2628 1475 2694 quae
1519 2616 1787 2695 aspectu
1832 2608 2226 2689 sentiuntur,
2271 2605 2410 2670 nul-

405 2711 546 2776 lum
583 2710 760 2777 aliud
806 2709 1053 2774 animal
1095 2708 1684 2796 pulchritudinem,
1716 2703 2157 2793 venustatem,⁴
2180 2729 2411 2775 conve-

405 2813 726 2878 nientiam
767 2811 1057 2896 partium
1101 2811 1337 2893 sentit3
1383 2833 1583 2899 quam
1628 2812 2133 2878 similitudinem
2179 2819 2413 2878 natura

405 2914 703 2999 ratioque
733 2913 814 2978 ab
857 2911 1064 2978 oculis
1091 2913 1172 2978 ad
1203 2913 1500 2978 animum
1541 2915 1940 2979 transferens
1970 2915 2182 2980 multo
2211 2915 2411 2980 etiam

406 3015 618 3102 magis
669 3013 1250 3101 pulchritudinem,
1298 3016 1753 3098 constantiam,
1800 3017 2096 3082 ordinem
2142 3018 2211 3080 in
2265 3037 2481 3081 con-2⁵

407 3115 570 3181 siliis
599 3114 922 3200 factisque
955 3115 1401 3181 conservanda
1430 3122 1623 3201 putat
1645 3123 1982 3200 cavetque,
2014 3136 2099 3179 ne
2128 3113 2288 3200 quid
2320 3114 2412 3178 in-

403 3219 640 3286 decore
669 3215 1131 3284 effeminateve
1161 3217 1382 3300 faciat,
1404 3224 1549 3282 tum
1573 3217 1643 3281 in
1674 3217 1980 3282 omnibus
2001 3223 2069 3282 et
2091 3216 2413 3304 opinioni-

411 3324 530 3388 bus
559 3329 627 3388 et
655 3320 851 3387 factis
887 3342 970 3386 ne
1001 3320 1164 3408 quid
1200 3320 1574 3386 lubidinose
1609 3327 1724 3385 aut
1760 3318 1959 3386 faciat
1993 3327 2108 3385 aut
2142 3321 2409 3406 cogitet.

165 3415 172 3423 '
218 3405 233 3413 ⁶
273 3425 291 3435 ”
409 3425 666 3504 Quibus
695 3447 776 3492 ex
807 3425 1001 3491 rebus
1036 3422 1359 3490 conflatur
1391 3421 1461 3489 et
1504 3423 1787 3490 efficitur
1818 3423 1910 3507 id,
1941 3424 2120 3511 quod
2164 3423 2413 3510 quaeri-

406 3549 573 3611 mus,
597 3529 967 3611 honestum,
988 3526 1165 3615 quod
1189 3526 1447 3592 etiamsi
1468 3527 1889 3594 nobilitatum
1910 3548 2039 3593 non
2066 3527 2171 3611 sit,
2191 3534 2410 3592 tamen
2429 3547 2481 3588 so

407 3629 754 3696 honestum
803 3631 908 3713 sit,
939 3629 1251 3718 quodque
1298 3651 1455 3696 vere
1500 3629 1803 3714 dicimuS,
1833 3629 2090 3696 etiamsi
2136 3650 2176 3694 a
2225 3626 2413 3694 nullo

406 3732 732 3814 laudetur,
760 3740 996 3799 natura
1023 3755 1162 3800 esse
1189 3732 1539 3799 laudabile.
