2867 4334
342 379 426 446 17
425 379 470 441 4
1212 374 1477 431 NOTES.

411 531 511 602 11,
529 532 591 588 9.
627 531 807 611 Quam
829 533 1063 604 quidem
1086 533 1162 590 ml
1179 547 1330 604 rem,
1351 531 1389 586 i.
1408 548 1455 587 e.
1476 533 1575 586 the
1597 548 1696 587 use
1722 531 1790 586 of
1808 531 1908 586 the
1936 532 2103 587 Latin
2123 533 2245 604 just
2271 535 2350 590 al-

337 610 518 666 luded
558 612 810 682 to.—11,
836 612 934 668 10.
975 626 1082 667 nos
1116 647 1136 668 .
1175 646 1196 667 .
1237 646 1260 668 .
1296 624 1577 678 magnum
1613 610 1918 668 attulimus
1952 611 2351 671 adiumentum

339 697 478 754 etc.‚:
517 690 712 746 Cicero
730 690 884 744 often
907 689 1186 744 mentions
1203 689 1346 745 with
1365 689 1713 744 satisfaction
1730 690 1887 743 what
1909 689 1980 743 he
1999 690 2117 745 had
2134 707 2349 745 accom-

337 770 563 844 plished
586 771 649 825 in
676 771 794 825 this
816 786 970 840 way3
1006 771 1092 825 De
1119 770 1252 825 Nat.
1272 770 1317 826 1.
1343 770 1396 840 4,
1415 773 1449 824 8
1484 771 1598 838 Quo
1624 771 1690 824 in
1715 786 1899 838 qenere
1926 775 2147 824 tantum
2165 772 2349 841 profe·

337 850 461 903 cisse
483 850 747 920 videmur,
763 855 828 903 ut
854 867 891 904 a
925 850 1143 904 Graecis
1170 865 1237 905 ne
1261 850 1533 905 verbm-um
1559 849 1777 920 quidem
1804 849 1955 918 eopia
1976 851 2305 905 vinceremur
2317 867 2348 917 ,·

336 928 424 984 De
445 929 574 987 Div.
592 931 666 985 11.
684 933 735 1002 2,
753 934 787 985 5
811 931 1171 1000 M'aqnifieum
1192 930 1334 986 illud
1351 931 1521 986 etiam
1542 930 1898 1000 Romanisque
1920 929 2218 984 hominibus
2238 932 2348 999 qlo-

335 1011 553 1081 riosum,
567 1017 631 1065 ut
653 1012 872 1066 Graecis
886 1011 953 1065 de
961 1011 1306 1084 philosophia
1327 1011 1529 1067 litteris
1545 1027 1649 1065 non
1663 1009 2041 1081 meant—11,
2062 1010 2160 1066 12.
2190 1011 2348 1068 docti

337 1107 431 1145 are
451 1092 616 1146 those
639 1091 830 1148 whom
852 1092 926 1147 he
949 1092 1089 1146 calls
1110 1091 1174 1146 in
1193 1091 1374 1148 Acad.
1390 1093 1485 1161 1.§
1506 1092 1543 1145 4
1576 1091 1794 1146 Graecis
1815 1092 2076 1146 doctrinis
2096 1091 2303 1145 eruditi
2315 1109 2345 1157 ,-

337 1187 400 1225 30
424 1172 523 1227 the
549 1172 881 1228 Graeeammn
906 1172 1216 1228 litterarum
1235 1172 1400 1228 rudes
1421 1187 1516 1227 are
1539 1171 1697 1227 there
1720 1173 1904 1227 called
1928 1172 2142 1227 indocti.

197 1279 206 1288 ·
272 1248 316 1316 2
409 1251 508 1321 11,
530 1253 630 1310 16.
667 1252 861 1324 quoad
881 1287 903 1310 .
931 1287 953 1310 .
980 1286 1002 1309 .
1028 1265 1148 1309 non
1165 1252 1519 1324 paenitebit,
1541 1255 1652 1308 “as
1676 1254 1816 1324 long
1844 1269 1905 1306 as
1932 1269 2044 1322 you
2072 1269 2165 1307 are
2189 1252 2346 1306 satis-

335 1333 448 1388 fied
473 1332 612 1387 with
633 1332 790 1386 what
809 1347 922 1402 you
945 1329 1082 1402 gain
1105 1329 1249 1383 from
1269 1330 1371 1386 it.”
1442 1348 1551 1387 non
1564 1334 1849 1405 paenitere
1872 1333 2101 1404 aliquem
2124 1334 2175 1388 is
2198 1335 2348 1388 “not

334 1419 397 1470 to
436 1414 582 1468 have
618 1428 784 1468 cause
819 1410 910 1466 for
947 1410 1439 1469 dissatisfaction.”
1511 1414 1628 1470 Cic.
1652 1415 1760 1484 Ep.
1789 1415 1864 1468 ad
1906 1415 2027 1470 Att.
2054 1415 2099 1468 I.
2125 1418 2210 1484 20,
2238 1418 2271 1470 3
2306 1433 2346 1469 a

334 1501 520 1550 senatu
541 1511 682 1564 quan
691 1494 736 1547 ti
741 1493 891 1563 fiam
913 1491 1138 1544 minime
1155 1509 1236 1544 me
1248 1492 1537 1561 paenitet,·
1572 1494 1648 1550 ib.
1662 1495 1794 1550 XII.
1814 1496 1899 1562 28,
1920 1497 1953 1547 2
1970 1511 2077 1548 non
2092 1496 2345 1564 paenitet

334 1593 419 1630 me
433 1579 704 1646 quantum
716 1571 1037 1643 profecerim
1046 1587 1075 1636 ,·
1107 1569 1230 1626 Liv.
1250 1573 1294 1627 Ι.
1315 1574 1348 1626 8
1367 1589 1489 1627 eum
1510 1573 1628 1627 iam
1642 1574 1849 1628 virium
1862 1573 2013 1626 haud
2020 1575 2341 1643 paeniteret.
2380 1601 2386 1606 ·

334 1657 424 1711 sed
453 1671 695 1710 resumes
723 1655 820 1709 the
851 1652 1150 1719 discourse,
1175 1652 1531 1724 interruptetl
1558 1654 1635 1722 by
1658 1653 1756 1707 the
1783 1653 2092 1708 incidental
2118 1657 2340 1708 remark

334 1742 450 1790 tam
470 1735 573 1790 diu
597 1777 610 1790 .
637 1777 651 1791 .
680 1773 694 1789 .
711 1732 1034 1803 paenitebit.
1108 1733 1224 1786 For
1251 1733 1415 1788 other
1441 1733 1720 1788 instances
1747 1732 1815 1787 of
1840 1734 1939 1787 the
1974 1750 2123 1788 same
2150 1751 2337 1805 usage,

335 1833 426 1871 see
445 1819 530 1886 30,
547 1817 678 1884 1053
709 1815 781 1868 11.
799 1815 885 1881 21,
902 1811 1094 1866 73.—1
1104 1813 1163 1884 1,
1185 1813 1284 1868 17.
1309 1813 1517 1870 nostra
1534 1812 1735 1882 legens
1749 1812 1990 1868 refersto
2003 1814 2102 1868 the
2111 1821 2339 1886 present

333 1897 688 1952 treatise.—a
707 1891 1121 1962 Peripateticis
1142 1891 1511 1964 diflsidcntia,
1528 1892 1565 1946 i.
1583 1908 1628 1948 e.
1643 1910 1680 1947 a
1700 1893 1997 1968 disciplina
2011 1896 2339 1965 Peripateti-

333 1994 514 2031 eorum
547 1971 892 2030 dissidentia.
981 1971 1057 2025 So
1090 1969 1246 2025 often
1277 1971 1338 2025 in
1373 1973 1780 2044 comparison83
1815 1976 1904 2030 ΒΘ
1930 1976 2064 2032 Nat.
2080 1978 2246 2033 Deor.
2264 1978 2338 2031 H.

335 2058 422 2128 61,
445 2058 547 2110 153
570 2057 687 2110 vita
713 2053 868 2108 beata
895 2051 1080 2106 eoeistit
1098 2069 1214 2121 par
1245 2059 1298 2106 et
1318 2053 1519 2108 similis
1540 2054 1771 2127 deorum,
1789 2055 1828 2112 i.
1847 2072 1895 2111 e.
1914 2057 2058 2111 vitae
2080 2057 2299 2112 deorum
2312 2075 2340 2123 ,-

333 2139 422 2194 ΒΘ
445 2138 585 2208 Rep.
604 2137 678 2190 H.
701 2136 750 2205 1,
771 2137 805 2188 2
817 2138 1097 2204 praestare
1112 2137 1322 2188 nostrae
1343 2133 1583 2188 civitatis
1602 2142 1808 2190 statum
1823 2137 2008 2192 eeteris
2027 2138 2338 2193 civitatibus.

335 2220 439 2275 See
467 2219 587 2273 also
614 2222 747 2273 note
776 2232 852 2270 on
881 2217 966 2284 39,
986 2212 1245 2285 11.-11,
1267 2212 1366 2269 18.
1401 2214 1642 2285 utrique
1664 2216 1950 2274 Socratici
1970 2219 2032 2274 et
2051 2217 2342 2275 Platonici

331 2299 596 2358 volumus
617 2311 765 2368 esse,
786 2298 819 2327 “
835 2312 920 2351 we
942 2295 1086 2349 both
1112 2294 1173 2362 (i.
1193 2311 1238 2348 Θ.
1257 2294 1356 2348 the
1382 2294 1752 2365 Peripatetico
1781 2297 1897 2351 and
1920 2297 2152 2368 myself)
2176 2297 2341 2351 claim

331 2382 396 2434 to
419 2377 490 2434 be
515 2377 798 2433 followers
822 2376 890 2432 of
914 2376 1170 2431 Socrates
1197 2375 1313 2428 ancl
1337 2375 1557 2431 Plato.”
1631 2375 1828 2431 Cicero
1857 2376 2014 2432 often
2041 2380 2245 2448 speaks
2272 2377 2341 2433 of

331 2462 432 2516 the
455 2459 822 2531 relationship
838 2459 1092 2513 between
1116 2456 1214 2510 the
1239 2458 1400 2526 great
1425 2455 1648 2510 schools
1666 2456 1734 2510 of
1747 2456 2105 2529 philosophy,
2125 2475 2185 2511 as
2206 2459 2343 2512 hav-

331 2541 436 2614 ing
461 2558 496 2597 a
523 2556 783 2596 common
819 2539 1074 2604 descent3
1111 2552 1372 2607 compare
1407 2536 1497 2590 De
1530 2537 1679 2592 Orat.
1706 2537 1807 2593 III.
1830 2539 1914 2606 16,
1942 2540 2009 2592 61
2046 2538 2193 2593 Nam
2226 2555 2343 2592 eum
2404 2576 2410 2582 -

332 2627 501 2676 essent
514 2621 703 2691 plures
724 2620 838 2674 orti
844 2621 974 2690 sere
992 2636 1028 2672 a
1054 2618 1280 2685 Socrate,
1307 2658 1320 2672 .
1351 2659 1364 2672 .
1395 2656 1409 2670 .
1425 2617 1823 2686 proseminatae
1843 2625 1975 2672 sunt
1995 2619 2155 2689 quasi
2164 2619 2344 2689 sami-

334 2701 444 2756 liae
463 2701 831 2756 dissentientes
855 2700 1001 2753 inter
1022 2715 1074 2752 se
1097 2740 1110 2754 .
1138 2741 1152 2754 .
1180 2741 1194 2755 .
1224 2714 1342 2752 eum
1367 2703 1549 2752 tamen
1570 2714 1743 2752 omnes
1763 2715 1815 2752 se
1830 2698 2344 2768 philosophi‘So‘era·

337 2783 463 2836 tieos
483 2788 536 2834 et
557 2781 671 2834 diei
692 2780 885 2833 vellent
904 2786 956 2833 et
978 2795 1081 2832 esse
1103 2779 1525 2834 arbitrarentur.
1588 2777 1671 2832 Aa
1683 2780 1869 2848 primo
1890 2779 1956 2833 ab
1979 2779 2092 2848 ipso
2112 2779 2347 2834 Platone

333 2860 646 2915 Aristoteles
672 2866 723 2913 et
749 2861 1076 2914 Xenocrates
1090 2876 1119 2925 ;
1156 2876 1382 2928 quorum
1414 2859 1553 2913 alter
1575 2857 2073 2930 Peripateticorum,
2098 2860 2235 2914 alter
2256 2877 2345 2914 no-

333 2957 454 2996 men
475 2940 801 2995 Aeademiae
822 2939 1071 3009 obtinuit,
1089 2939 1282 2993 deinde
1309 2939 1376 2993 ab
1393 2939 1716 2994 Antisthene
1737 2980 1750 2994 .
1777 2983 1791 2997 .
1821 2982 1836 2995 .
1872 2939 2065 3010 Cynici
2080 2942 2343 3012 primum,

333 3019 525 3075 deinde
553 3019 735 3088 Stoici,
757 3023 863 3073 etc.
936 3019 1057 3072 The
1086 3018 1383 3088 similarity
1411 3018 1479 3072 of
1500 3019 1772 3089 doctrine,
1800 3021 2075 3088 however,
2095 3025 2244 3074 must
2275 3021 2345 3073 be

334 3099 681 3156 understood
705 3100 838 3170 only
855 3099 922 3154 of
937 3100 1036 3153 the
1056 3098 1266 3154 ethioal
1286 3099 1597 3172 teachingS.
1657 3100 1727 3154 In
1742 3101 1921 3156 Acad.
1938 3101 1983 3155 1.
2003 3103 2054 3170 6,
2075 3104 2143 3155 22
2167 3102 2345 3156 Varro

334 3183 496 3256 gives
519 3183 618 3237 the
640 3180 788 3236 view
811 3180 878 3234 of
893 3179 1227 3248 AntioohuS,
1248 3179 1439 3235 which
1463 3197 1581 3234 was
1604 3181 1895 3236 doubtless
1916 3181 2045 3236 that
2068 3181 2137 3236 of
2152 3180 2347 3236 Cicero

335 3281 398 3320 as
422 3264 565 3335 well,
590 3261 739 3317 illud
769 3261 1147 3331 imprudenter
1173 3260 1388 3330 (dieunt
1404 3259 1669 3331 plerique)
1698 3262 1752 3315 si
1779 3260 1918 3316 alios
1943 3278 2044 3316 esse
2068 3261 2347 3317 Academi-

333 3364 413 3401 ωε
444 3388 458 3403 .
494 3388 506 3401 .
540 3389 559 3407 .
584 3344 720 3399 alios
751 3342 1135 3414 Peripateticos
1166 3340 1529 3396 arbitrantur.
1614 3341 1925 3396 Communis
1956 3342 2083 3397 haee
2116 3344 2263 3398 ratio
2298 3349 2351 3397 et

333 3427 578 3497 utrisque
617 3425 702 3479 hie
740 3424 995 3478 bonorum
1018 3424 1180 3493 finis,
1205 3422 1504 3490 videbatur,
1530 3421 1763 3490 adipisci
1796 3439 1929 3492 quae
1963 3430 2133 3478 essent
2158 3426 2350 3495 prima

333 3513 558 3576 natura,
585 3522 817 3577 quaeque
852 3506 976 3574 ipsa
1002 3522 1109 3574 per
1136 3520 1239 3557 sese
1270 3502 1577 3571 expetenda,
1602 3507 1703 3554 aut
1736 3502 1921 3556 omnia
1953 3509 2056 3557 aut
2090 3506 2344 3560 maa-ima.

335 3588 530 3658 Comp.
552 3588 639 3640 De
661 3587 796 3656 Leg.
816 3585 860 3639 Ι.
881 3587 965 3654 13,
987 3588 1084 3652 38;
1119 3585 1206 3637 ΒΘ
1225 3583 1377 3638 Orat.
1397 3583 1499 3636 III.
1522 3584 1605 3650 18,
1619 3582 1893 3636 67.—For
1914 3581 2176 3640 volumus
2198 3597 2343 3652 esse,

336 3669 370 3698 “
385 3683 471 3720 we
493 3667 661 3721 claim
685 3671 746 3720 to
773 3667 897 3736 be,’'
921 3681 1105 3736 comp.
1124 3666 1333 3718 Brutus
1355 3663 1501 3718 LVI.
1522 3663 1627 3716 206
1649 3661 1742 3716 sed
1763 3662 1906 3716 idem
1924 3660 2118 3714 Aelius
2140 3662 2349 3714 Stoiem

335 3763 439 3800 esse
469 3745 655 3816 voluit,
679 3751 864 3799 orator
896 3750 1082 3799 autem
1115 3759 1210 3798 nee
1242 3742 1462 3796 studuit
1495 3757 1769 3812 umquam,
1790 3759 1883 3796 nee
1898 3739 2155 3811 fuit—1
2165 3742 2224 3812 1,
2244 3738 2342 3794 19.
