2867 4334
457 355 583 418 166
910 391 918 399 -
1192 402 1205 409 ,,
1233 353 1334 402 DE
1380 352 1687 404 ormcns
1730 393 1735 398 .

453 503 736 591 captivis
777 502 1326 592 impetravissent,
1358 503 1414 569 si
1458 525 1593 570 non
1638 503 1996 586 redierunt,
2028 504 2467 593 vituperandi.

455 605 564 672 De
593 605 834 692 quibus
863 627 998 672 non
1029 605 1259 670 omnes
1286 626 1423 671 uno
1447 605 1643 671 modo
1664 607 1867 686 {nam
1892 604 2235 692 Polybius,
2259 608 2470 677 bonus

455 715 684 774 auctor
711 708 780 773 in
811 707 1062 795 primis,
1099 729 1182 772 ex
1211 707 1439 773 decem
1474 706 1916 792 nobilissimis,
1948 710 2066 795 qui
2102 717 2247 775 tum
2282 719 2469 778 erant

455 809 660 894 missi,
684 808 927 876 novem
951 809 1295 876 revertisse
1317 809 1481 875 dicit
1505 830 1577 875 re
1598 831 1637 874 a
1666 817 1898 876 senatu
1920 832 2055 876 non
2078 811 2467 900 impetrata3

456 933 668 978 unum
697 935 781 978 ex
815 912 1067 996 decem,
1104 912 1220 998 qui
1255 911 1455 999 paulo
1492 919 1661 998 post,
1696 933 1899 999 quam
1919 922 2072 979 erat
2106 935 2402 1002 egressus
2430 939 2467 982 e
2508 937 2537 978 s

457 1014 704 1097 eastris,
734 1014 1027 1098 redisset,
1064 1013 1250 1100 quasi
1293 1013 1751 1100 aliquidesset
1783 1013 2048 1099 oblitus,
2078 1014 2331 1082 Romae
2373 1039 2469 1084 re-

457 1116 810 1199 mansisse3
840 1115 1059 1182 reditu
1093 1115 1274 1181 enim
1310 1116 1380 1181 in
1417 1123 1626 1182 eastra
1664 1115 2013 1183 liberatum
2048 1139 2117 1185 se
2152 1140 2289 1185 esse
2323 1121 2468 1186 iure

456 1218 736 1286 iurando
764 1219 1343 1306 interpretabatur,
1376 1239 1509 1284 non
1548 1226 1761 1301 recte3
1805 1219 1991 1286 fraus
2025 1220 2203 1287 enim
2240 1223 2469 1310 astrin-

456 1321 578 1408 git,
608 1341 746 1388 non
779 1321 1080 1388 dissolvit
1124 1321 1510 1408 periurium.
1601 1319 1763 1388 Fuit
1804 1323 2013 1409 igitur
2054 1322 2282 1390 stulta·
2297 1325 2469 1390 calli-

449 1423 640 1490 ditas
683 1445 985 1511 perverse
1033 1422 1294 1489 imitata
1348 1419 1791 1511 prudentiam.
1880 1425 2123 1513 Itaque
2176 1427 2467 1494 decrev1t
2484 1445 2537 1486 ιο

459 1527 754 1610 senatus,
771 1534 848 1592 ut
875 1525 990 1592 ille
1015 1526 1354 1592 veterator
1387 1533 1457 1592 et
1490 1525 1767 1593 callidus
1797 1528 2063 1594 vinctus
2094 1528 2179 1594 ad
2214 1529 2467 1594 Hanni-

326 1640 440 1695 114
462 1629 673 1696 halem
701 1625 1068 1696 duceretur.
1137 1627 1266 1695 Sed
1292 1627 1460 1694 illud
1482 1626 1897 1695 maxumum:
1930 1629 2101 1696 Octo
2118 1629 2465 1696 hominum

459 1731 643 1798 milia
671 1732 940 1798 tenebat
974 1730 1334 1816 Hannibal,
1370 1753 1505 1798 non
1540 1753 1705 1819 quos
1748 1733 1817 1795 in
1854 1733 1993 1796 acie
2027 1732 2320 1819 cepisset,
2352 1740 2467 1798 aut

457 1836 573 1923 qui
598 1834 892 1922 periculo
915 1834 1149 1900 mortis
1171 1833 1613 1922 diffugissent,
1636 1833 1750 1900 sed
1775 1832 1890 1920 qui
1911 1833 2125 1900 relicti
2148 1834 2217 1898 in
2241 1835 2467 1900 castris

462 1937 740 2003 fuissent
768 1959 808 2002 a
835 1935 1048 2003 Paulo
1078 1945 1146 2003 et
1175 1959 1215 2002 a
1249 1935 1558 2004 Varrone
1587 1935 1985 2004 consulibua·
2026 1935 2184 2002 -Eos
2210 1944 2469 2003 senatus
2486 1958 2539 1999 ιε

461 2061 595 2106 non
646 2039 902 2107 censuit
947 2039 1382 2125 redimendos,
1431 2061 1584 2107 cum
1628 2039 1699 2105 id
1751 2060 1955 2128 parva
2002 2039 2283 2126 pecunia
2324 2039 2471 2106 fieri

445 2141 701 2231 -posset,
745 2150 823 2208 ut
865 2149 1037 2208 esset
1079 2143 1355 2208 insitum
1402 2140 1725 2209 militibus
1767 2141 2009 2208 nostris
2049 2149 2165 2207 aut
2209 2141 2473 2208 vincere

445 2251 578 2310 aut
627 2245 870 2311 emori.'
954 2244 1105 2323 Qua
1145 2244 1414 2330 quidem
1461 2266 1534 2309 re
1576 2243 1801 2309 audita
1842 2244 2133 2310 fractum
2176 2244 2471 2310 animum

447 2346 857 2415 .Hannibalis
889 2347 1116 2414 scribit
1151 2347 1362 2431 idem,
1385 2346 1567 2434 quod
1588 2354 1867 2428 jsenatus
1901 2346 2317 2433 populusque
2344 2345 2474 2413 Ro-

464 2473 697 2536 manus
737 2451 935 2518 rebus
977 2448 1235 2516 afflictis
1277 2457 1415 2515 tam
1460 2448 1716 2516 excelso
1760 2449 1984 2515 animo
2022 2448 2273 2515 fuisset.
2363 2448 2543 2515 Sicso

463 2555 824 2622 honestatis
859 2554 1348 2641 comparatione
1389 2573 1487 2636 ea,
1524 2574 1695 2639 quae
1738 2551 2054 2617 videntur
2094 2550 2305 2635 utilia,
2336 2552 2475 2617 vin-

331 2669 446 2723 115
463 2659 724 2724 cuntur.
800 2656 875 2724 O.
923 2655 1182 2722 Acilius
1225 2662 1470 2737 autem,
1516 2655 1635 2740 qui
1680 2655 1932 2721 Graece
1972 2653 2235 2741 scripsit
2276 2653 2473 2719 histo-

465 2761 652 2842 riam,
683 2758 902 2845 plures
931 2758 1024 2822 ait
1053 2757 1276 2840 fuisse,
1307 2757 1424 2844 qui
1454 2757 1522 2821 in
1555 2765 1765 2822 castra
1793 2757 2214 2822 revertissent
2242 2756 2473 2822 eadem

466 2861 721 2943 fraude,
751 2868 828 2925 ut
864 2859 1007 2925 iure
1041 2853 1811 2942 iurando-liberarentur,
1848 2859 2091 2946 eosque
2125 2881 2164 2924 a
2197 2857 2473 2925 censori-

468 2964 590 3029 bus
634 2961 942 3028 omnibus
991 2962 1374 3050 ignominiis
1417 2970 1696 3028 notatos·
1787 2962 1890 3027 Sit
1933 2963 2064 3028 iam
2108 2961 2305 3027 huius
2347 2961 2544 3028 locius

466 3064 637 3130 finis.
727 3063 1161 3152 Perspicuum
1214 3072 1314 3130 est
1357 3065 1539 3130 enim
1582 3085 1677 3148 ea,
1730 3084 1901 3150 quae
1952 3063 2187 3131 timido
2230 3061 2471 3146 anim0,

467 3166 725 3251 humili,
769 3167 1054 3233 demisso
1098 3166 1441 3253 fractoque
1483 3165 1667 3250 fiant,
1711 3166 1910 3253 quale
1952 3166 2188 3232 fuisset
2228 3164 2475 3254 Reguli

467 3269 743 3354 factum,
774 3270 829 3335 si
859 3277 974 3335 aut
1008 3269 1093 3334 de
1127 3269 1424 3355 captivis,
1463 3268 1640 3354 quod
1686 3267 1813 3354 ipsi
1849 3268 2019 3356 opus
2054 3291 2195 3335 esse
2229 3268 2476 3335 videre·

469 3381 597 3457 tur,
635 3395 768 3439 non
806 3372 985 3459 quod
1030 3371 1125 3436 rei
1160 3369 1484 3457 publicae,
1515 3370 1871 3436 censuisset
1907 3380 2022 3437 aut
2056 3372 2241 3439 domi
2274 3393 2477 3439 rema·

469 3497 626 3542 nere
649 3475 982 3558 voluisset,
1007 3495 1140 3540 non
1165 3493 1302 3539 esse
1327 3472 1535 3556 utilia,
1560 3475 1715 3560 quia
1736 3473 1873 3540 sint
1894 3473 2234 3562 flagitiosa,
2257 3474 2473 3556 foeda,
2492 3493 2545 3534 so

470 3586 580 3642 tur
628 3579 708 3642 ia.

338 3639 484 3783 13136
555 3600 788 3744 Rpestat
832 3685 1064 3764 quarta
1108 3699 1276 3765 pars,
1331 3698 1502 3762 quae
1546 3677 1797 3760 decore,
1843 3677 2309 3760 moderatione,
2344 3697 2479 3742 mo-
