2867 4334
489 367 574 436 70
1054 379 1059 382 ·
1267 364 1370 419 DE
1396 363 1722 418 OFFICIIS

486 516 778 599 humani,
808 515 1094 602 attingat
1128 513 1579 602 cognitionem
1614 536 1856 597 rerum,
1888 513 2505 606 solivaga‘cognitio

486 625 555 685 et
598 619 818 685 ieiuna
861 618 1183 703 videatur,
1217 617 1512 705 itemque
1557 616 1948 705 magnitudo
1996 591 2249 705 animi(
2250 629 2507 692 remota

485 721 960 789 communitate
993 720 1594 807 coniunctioneque
1619 714 1923 787 humana}
1939 720 2174 790 feritas
2201 722 2290 789 sit
2316 745 2508 811 quae-

486 824 639 890 dam
683 831 752 890 et
788 823 1184 894 immanitas.
1273 820 1381 888 Ita
1423 821 1521 906 fit,
1555 831 1630 888 ut
1668 823 1891 891 vincat
1934 823 2335 910 cognitionis
2362 815 2506 894 *stu-

353 941 469 996 158
489 929 676 996 dium
725 929 1140 997 consociatio
1163 927 1513 996 hominum
1564 938 1763 1016 atque
1812 931 2273 997 communitas.
2360 933 2434 1000 N
2434 956 2509 1001 ec
2546 959 2577 1000 ⁵

488 1054 723 1098 verum
763 1039 886 1116 est,
915 1031 1092 1119 quod
1127 1031 1374 1098 dicitur
1406 1052 1446 1097 a
1480 1031 2201 1121 quibusdam,‚propter
2236 1038 2507 1102 necessi-

488 1141 696 1200 tatem
732 1135 928 1218 vitae,
951 1135 1134 1221 quod
1163 1155 1258 1216 ea,
1283 1155 1453 1221 qnae
1486 1141 1723 1200 natura
1757 1135 2172 1221 desideraret,
2196 1139 2508 1224 consequi

489 1238 632 1304 sine
674 1236 820 1303 aliis
861 1246 1064 1324 atque
1109 1237 1367 1303 efficere
1408 1257 1545 1303 non
1590 1257 1946 1324 possemus,
1983 1239 2229 1306 ideirco
2272 1240 2508 1306 initam

487 1362 628 1406 esse
691 1362 846 1407 cum
907 1339 1290 1406 hominibus
1353 1341 1896 1408 communitatem
1958 1349 2029 1407 et
2092 1342 2507 1426 societatem3

489 1443 725 1531 quodsi
763 1444 991 1510 'omnia
1025 1443 1234 1527 nobis,
1266 1465 1434 1529 quae
1478 1443 1561 1508 ad
1600 1443 1856 1510 victum
1890 1444 2279 1532 cultumque
2310 1447 2508 1534 perti·
2522 1469 2575 1514 ιο

489 1553 672 1628 nent,
708 1546 898 1633 quasi
940 1544 1201 1632 virgula
1253 1546 1501 1627 divina,
1536 1553 1615 1611 ut
1664 1547 1870 1628 aiunt,
1906 1547 2504 1634 suppeditarentur,

491 1656 635 1713 tum
669 1649 928 1736 optimo
962 1649 1242 1733 quisquc
1277 1648 1549 1734 ingenio
1584 1649 1885 1734 negotiis
1908 1651 2217 1716 omnibus
2250 1651 2505 1716 omissis

491 1757 708 1816 totum
743 1771 814 1815 se
840 1749 1426 1835 incognitioneet
1456 1750 1730 1816 scientia
1765 1751 2128 1817 collocaret.
2216 1750 2373 1817 Non
2404 1761 2506 1818 est

489 1852 622 1934 ita3
666 1871 819 1916 nam
850 1859 920 1917 et
953 1851 1378 1920 solitudinem
1407 1851 1678 1940 fugeret
1704 1861 1773 1918 et
1802 1854 2053 1920 socium
2082 1853 2286 1919 studii
2314 1873 2507 1940 quae-

488 1961 682 2036 reret,
716 1961 858 2018 tum
900 1953 1134 2020 docere
1173 1962 1315 2020 tum
1359 1955 1609 2022 discere
1651 1955 1869 2039 vellet,
1901 1963 2047 2022 tum
2093 1955 2319 2022 audire
2357 1964 2501 2021 tum
2519 1979 2573 2024 1⁶

489 2056 726 2122 dicere.
813 2054 994 2142 Ergo
1037 2078 1236 2124 omne
1279 2056 1591 2142 officium,
1622 2059 1801 2145 quod
1844 2059 1927 2124 ad
1972 2059 2503 2126 coniunctionem

489 2157 844 2224 hominum
878 2159 1067 2225 etad
1103 2161 1487 2227 societatem
1524 2161 1841 2227 tuendam
1879 2160 2077 2245 valet,
2108 2169 2507 2250 anteponen-

488 2261 650 2326 dum
693 2268 794 2328 est
828 2261 930 2326 illi
973 2263 1208 2348 officio,
1239 2263 1418 2349 quod
1456 2263 1833 2351 cognitione
1876 2271 1947 2330 et
1990 2264 2261 2331 scientia
2300 2265 2507 2330 conti-

486 2373 705 2430 netur.
1585 2417 1588 2420 .
1754 2445 1757 2448 ἦ
2538 2437 2545 2444 ‚

572 2467 752 2534 Illud
791 2467 1069 2535 forsitan
1111 2468 1561 2556 quaerendum
1599 2468 1705 2551 sit,
1736 2489 1901 2534 num
1941 2467 2105 2536 haec
2144 2470 2573 2536 communi-m

488 2580 605 2654 tas,
637 2592 806 2659 quae
847 2572 1136 2637 maxime
1179 2579 1279 2637 est
1321 2577 1477 2658 apta
1519 2577 1811 2652 naturae,
1839 2570 1929 2636 sit
1973 2571 2167 2638 etiam
2214 2572 2506 2638 modera-

485 2674 656 2740 tioni
685 2673 1174 2759 modestiaeque
1202 2693 1464 2759 semper
1492 2673 1969 2759 anteponenda.
2054 2671 2217 2738 Non
2248 2673 2502 2760 placet3

485 2781 642 2842 sunt
681 2776 861 2841 enim
901 2774 1224 2861 quaedam
1261 2775 1505 2862 partim
1544 2775 1641 2840 ita
1673 2774 1893 2859 foeda,
1918 2776 2160 2863 partim
2198 2776 2294 2841 ita
2324 2775 2505 2863 fiagi-

487 2877 672 2958 tiosa,
705 2884 782 2942 ut
821 2898 898 2942 ea
931 2898 1017 2942 ne
1062 2876 1546 2943 conservanda-e
1580 2877 2138 2964 quidempatriae
2181 2900 2370 2945 causa
2410 2898 2503 2945 sa-

485 2979 678 3064 piens
721 2979 1020 3044 facturus
1065 2979 1170 3044 sit.
1257 2977 1357 3044 Ea
1399 2977 1798 3045 Posidonius
1840 2981 2111 3068 collegit
2140 2980 2571 3068 ‘permultam

487 3081 601 3147 sed
644 3080 740 3146 ita
781 3087 990 3147 taetra
1030 3081 1373 3167 quaedam,
1409 3081 1506 3146 ita
1554 3082 1854 3165 obscena,
1888 3091 1967 3148 ut
2009 3083 2195 3148 dictu
2238 3104 2503 3170 quoque

487 3182 839 3262 videantur
878 3185 1119 3270 turpia.
1207 3183 1394 3250 Haec
1438 3184 1645 3270 igitur
1686 3207 1822 3251 non
1868 3184 2176 3270 suscipiet
2209 3186 2306 3250 rei
2338 3187 2502 3272 pub-

487 3287 652 3354 licae
685 3307 895 3370 causa,
918 3307 1005 3352 ne
1039 3307 1144 3352 res
1171 3286 1434 3374 publiea
1463 3286 1733 3373 quidem
1762 3308 1883 3374 pro
1918 3309 1987 3352 se
2022 3287 2265 3375 suscipi
2298 3288 2497 3354 volet.

487 3391 621 3457 Sed
650 3389 778 3456 hoc
806 3389 1214 3457 commodius
1249 3411 1320 3455 se
1347 3411 1454 3456 res
1481 3388 1698 3475 habet,
1724 3391 1902 3477 quod
1933 3411 2067 3457 non
2098 3398 2315 3478 potest
2342 3391 2501 3456 acci-

487 3493 644 3559 dere
677 3501 958 3580 tempus,
983 3500 1061 3558 ut
1089 3493 1350 3559 intersit
1386 3492 1483 3558 rei
1512 3492 1813 3580 publicae
1842 3493 2209 3580 quicquam·
2232 3493 2497 3559 illorum
2514 3513 2567 3552 ao

356 3607 471 3661 160
486 3593 706 3661 facere
745 3597 1130 3682 sapientem.
1222 3595 1445 3674 Quare
1478 3595 1604 3660 hoc
1638 3595 1909 3681 quidem
1944 3595 2257 3662 effectum
2290 3594 2395 3674 sit,
2426 3594 2498 3656 in

487 3696 716 3764 officiis
759 3697 1128 3784 deligendis
1171 3697 1242 3763 id
1285 3715 1497 3784 genus
1539 3695 1902 3764 officiorum
1950 3695 2288 3778 excellere,
2321 3694 2499 3782 quod

360 2430 451 2500 45

354 2523 469 2578 159
