2867 4334
405 353 532 414 128
992 368 996 372 -
1175 347 1278 398 DE
1319 347 1627 400 ormons

403 498 563 564 insit
591 498 661 563 in
697 498 778 564 iis
805 497 1054 585 aliquid
1090 499 1299 586 probi,
1331 497 1512 585 quod
1548 497 1763 584 capiat
1798 497 2079 585 ignaros,
2117 499 2233 584 qui
2267 499 2407 587 qui..

404 600 577 683 dem,
608 602 773 688 quid
821 603 893 666 in
946 623 1079 667 una
1130 622 1388 687 quaque
1433 623 1507 667 re
1555 601 1703 665 vitii
1737 601 1841 684 sit,
1878 609 2210 688 nequeant
2244 602 2411 667 iudi-

405 724 586 785 care3
615 704 858 791 itaque,
889 726 1040 769 cum
1077 711 1231 769 sunt
1277 704 1456 769 docti
1486 725 1525 768 a
1552 704 1802 790 peritis,
1840 703 2166 770 desistunt
2213 704 2409 770 facile

322 811 372 878 4
407 807 748 872 sententia.
835 806 1021 873 Haec
1049 807 1255 893 igitur
1283 805 1515 888 officia,
1546 807 1630 872 de
1660 807 1899 892 quibus
1928 805 2032 872 his
2067 805 2253 872 libris
2286 806 2410 871 dis-

407 909 701 992 serimus,
733 911 917 996 quasi
961 908 1246 974 secunda
1289 910 1613 995 quaedam
1656 908 1929 975 honesta
1972 931 2112 974 esse
2158 909 2407 992 dicunt,
2449 932 2478 973 u

407 1032 541 1076 non
569 1012 962 1099 sapientium
994 1011 1191 1077 modo
1215 1012 1499 1098 propria,
1523 1011 1637 1077 scd
1666 1033 1821 1076 cum
1850 1011 2031 1077 omni
2062 1010 2408 1076 hominum

313 1134 386 1188 16
403 1134 646 1200 genere
673 1115 1067 1180 communia.
1133 1113 1372 1201 Itaque
1399 1113 1483 1180 iis
1512 1101 1759 1196 omnes,
1783 1113 1855 1178 in
1886 1113 2127 1199 quibus
2154 1120 2255 1179 est
2284 1113 2411 1177 vir-

405 1217 567 1282 tutis
595 1217 868 1300 indoleS,
890 1225 1415 1282 commoventur.
1480 1215 1553 1282 N
1554 1237 1631 1282 ec
1660 1238 1837 1300 ver0,
1868 1237 2021 1282 cum
2053 1216 2184 1282 duo
2214 1214 2410 1282 Decii

404 1327 520 1386 aut
549 1319 681 1385 duo
706 1320 1043 1406 Scipiones
1071 1318 1279 1385 fortes
1309 1319 1439 1384 viri
1469 1329 2089 1402 commemorantur,
2116 1327 2231 1384 aut
2258 1340 2413 1384 cum

405 1421 743 1488 Fabricius
777 1424 918 1506 [aut
947 1421 1304 1506 Aristides]
1337 1421 1550 1486 iustus
1580 1422 1979 1505 nominatur,
2016 1429 2130 1487 aut
2165 1422 2246 1487 ab
2281 1420 2411 1486 illis
2429 1441 2479 1482 ιο

403 1524 818 1606 fortitudinis
865 1532 980 1590 aut
1031 1524 1111 1590 ab
1163 1523 1619 1589 hoc-iustitiae
1664 1531 2000 1609 tamquam
2038 1545 2076 1587 a
2117 1523 2413 1609 sapiente

380 1618 655 1714 'petitur
681 1625 1094 1713 exemplum3
1139 1645 1334 1690 nemo
1377 1625 1559 1690 enim
1604 1624 1842 1689 horum
1884 1614 1977 1690 sic
2020 1624 2298 1710 sapienS,
2336 1631 2413 1689 ut

403 1731 768 1817 sapientem
794 1728 1098 1794 volumus
1120 1727 1438 1813 intellegi,
1464 1748 1586 1791 nec
1614 1725 1683 1809 ii,
1708 1727 1824 1812 qui
1846 1726 2173 1812 sapientes
2202 1724 2412 1791 habiti

404 1841 472 1898 et
515 1831 858 1912 nominati,
889 1829 984 1894 M.
1015 1829 1180 1894 Cato
1201 1837 1290 1914 ‚et
1328 1829 1402 1895 G.
1435 1828 1717 1911 Laelius,
1748 1829 2075 1914 sapientes
2116 1827 2411 1911 fuerunt,

403 1951 488 1999 ne
518 1933 616 1996 illi
646 1931 913 2019 quidem
945 1938 1220 2017 septem,
1250 1931 1361 1997 sed
1395 1953 1477 1996 ex
1508 1930 1876 1996 mediorum
1901 1929 2263 1997 officiorum
2287 1931 2482 1996 fre-15

405 2034 677 2123 quentia
717 2033 1221 2099 similitudinem
1266 2023 1593 2120 quandam
1640 2025 1957 2120 gerebant
1999 2034 2415 2121 speciemque

313 2143 385 2204 17
405 2136 821 2224 sapientium.
909 2135 1234 2214 Quocirca
1262 2158 1382 2202 nec
1410 2135 1500 2220 id,
1526 2137 1703 2223 quod
1734 2158 1889 2202 vere
1918 2137 2271 2203 honestum
2294 2147 2412 2220 est,

405 2240 508 2306 fas
553 2248 652 2305 est
702 2261 852 2306 cum
905 2238 1210 2304 utilitatis
1253 2240 1691 2327 repugnantia
1738 2229 2119 2326 comparari,
2157 2261 2278 2306 nec
2322 2240 2412 2322 id,

406 2343 586 2431 quod
621 2342 1064 2426 communiter
1105 2342 1512 2429 appellamus
1556 2342 1930 2425 honestum,
1962 2343 2140 2430 quod
2178 2343 2417 2409 colitur

405 2448 488 2513 ab
510 2446 611 2531 iis,
630 2447 748 2534 qui
777 2447 983 2513 bonos
1012 2467 1081 2512 se
1112 2447 1288 2512 viros
1316 2445 1543 2513 haberi
1566 2445 1820 2529 volunt,
1844 2467 1990 2512 cum
2017 2445 2412 2511 emolumen·
2431 2467 2484 2508 ρο

405 2551 492 2616 tis
534 2563 848 2637 umquam
897 2556 996 2614 est
1038 2549 1573 2636 comparandum,
1620 2556 1887 2639 tamque
1929 2548 2001 2612 id
2044 2547 2414 2636 honestum,

407 2654 587 2740 quod
615 2654 687 2716 in
717 2659 1009 2718 nostram
1044 2651 1567 2738 intellegentiam
1600 2651 1795 2731 cadit,
1823 2650 2143 2716 tuendum
2166 2671 2415 2715 conser-

406 2755 829 2840 vandumque
857 2753 1049 2818 nobis
1079 2762 1178 2819 est
1207 2775 1407 2841 quam
1444 2753 1633 2834 illud,
1664 2754 1843 2840 quod
1875 2755 2139 2841 proprie
2174 2753 2418 2820 dicitur

406 2877 692 2942 vereque
727 2863 826 2919 est
859 2854 1231 2937 honestum,
1262 2853 1711 2942 sapientibus,
1756 2856 1947 2921 aliter
1990 2857 2167 2921 enim
2205 2855 2417 2921 teneri

407 2981 541 3024 non
589 2963 825 3045 potest,
863 2957 918 3020 si
970 2978 1101 3043 qua
1145 2957 1230 3022 ad
1280 2957 1598 3023 virtutem
1652 2965 1751 3024 est
1801 2958 1979 3024 facta
2029 2959 2485 3046 p1·ogressi0.25

409 3059 540 3130 Sed
585 3057 745 3124 haec
781 3056 1049 3144 quidem
1090 3058 1175 3124 de
1217 3058 1317 3140 iis,
1349 3059 1467 3145 qui
1511 3061 2009 3125 conservatione
2052 3060 2415 3125 officiorum

315 3175 390 3229 18
410 3161 869 3231 existimantur
903 3160 1082 3226 boni.
1172 3160 1308 3238 Qui
1339 3169 1562 3227 autem
1593 3162 1816 3227 omnia
1846 3161 2212 3228 metiuntur
2246 3184 2419 3227 emo-

408 3263 826 3334 lumentis’et
861 3262 1224 3330 commodis
1260 3284 1475 3349 neque
1512 3285 1589 3328 ea
1632 3263 1869 3329 volunt
1912 3265 2419 3352 praeponderari

407 3369 768 3451 honestate,
807 3367 855 3432 ii
890 3366 1104 3433 solent
1139 3365 1209 3431 in
1255 3366 1682 3432 deliberando
1727 3366 2077 3434 honestum
2124 3391 2273 3434 cum
2320 3392 2417 3451 e0‚

408 3473 588 3559 quod
634 3471 800 3538 utile
846 3476 1124 3558 putant,
1161 3490 1557 3556 comparare,
1607 3469 1767 3535 boni
1817 3470 1946 3534 viri
1997 3492 2132 3536 non
2184 3471 2415 3536 solent.
2434 3493 2487 3534 30

407 3574 644 3661 Itaque
675 3573 980 3640 existimo
1006 3572 1593 3654 Panaetium,„cum
1618 3571 1860 3638 dixerit
1889 3571 2189 3638 homines
2212 3570 2419 3636 solere

407 3677 478 3741 in
510 3676 632 3744 hac
660 3675 1146 3762 comparatione
1175 3674 1497 3758 dubitare,
1521 3673 1647 3740 hoc
1676 3672 1895 3761 ipsum
1918 3673 2214 3755 sensisse,
2239 3670 2416 3759 quod
