2867 4334
417 369 543 443 138
922 404 928 408 -
1203 371 1305 425 m:
1347 371 1657 427 omens

415 517 569 594 cum
599 523 804 593 altero
834 545 1127 612 regnare,
1157 515 1432 590 fratrem
1464 525 1822 591 interemit.
1914 525 2161 594 Omisit
2206 529 2314 597 hic
2360 539 2431 596 et

413 631 728 718 pietatem
759 637 826 696 et
861 627 1363 712 humanitatem,
1395 636 1472 694 ut
1518 628 1609 711 id,
1642 629 1820 716 quod
1867 631 2033 697 utile
2079 633 2433 700 videbatur

415 753 629 820 neque
663 740 822 816 erat,
852 731 1107 818 assequi
1151 739 1390 818 posset,
1420 740 1490 797 et
1526 739 1746 797 tamen
1793 733 1968 798 muri
2013 756 2274 801 causam
2321 759 2431 824 op-

412 837 654 923 posuit,
691 835 976 924 speciem
1034 834 1394 900 honestatis
1446 856 1571 900 nec
1628 835 2039 921 probabilem
2098 860 2223 904 nec
2275 862 2429 907 sane

409 939 738 1005 idoneam.
803 937 1117 1004 Peccavit
1146 938 1370 1024 igitur,
1395 959 1557 1024 pace
1586 938 1693 1003 vel
1718 938 1985 1016 Quirini
2016 941 2122 1006 vel
2153 941 2426 1009 Romuli
2467 971 2496 1009 a

314 1046 390 1100 42
413 1043 715 1108 dixerim.
802 1041 952 1108 Nec
983 1047 1203 1106 tamen
1241 1048 1504 1106 nostrae
1538 1041 1729 1107 nobis
1766 1041 2084 1109 utilitates
2119 1047 2427 1112 omitten-

411 1144 531 1210 dae
559 1153 716 1210 sunt
744 1143 1020 1230 aliisque
1049 1143 1422 1226 tradendae,
1456 1165 1606 1209 cum
1637 1143 1719 1208 iis
1770 1143 1899 1231 ipsi
1945 1167 2273 1232 egeamus,
2309 1149 2425 1215 sed

409 1257 564 1315 suae
594 1248 834 1334 cuique
861 1245 1158 1329 utilitati,
1190 1245 1369 1331 quod
1399 1246 1541 1311 sine
1570 1245 1838 1312 alterius
1867 1247 2112 1313 iniuria
2140 1247 2275 1332 fiat,
2300 1272 2426 1317 ser-

411 1349 728 1416 viendum
765 1356 882 1416 est.
972 1348 1151 1414 Scite
1189 1347 1622 1434 Chrysippus,
1656 1355 1731 1413 ut
1766 1349 2011 1444 multa:
2060 1351 2260 1429 “Qui
2304 1361 2426 1418 sta-

409 1453 659 1536 dium,''
691 1452 931 1539 inquit,
965 1454 1006 1488 “
1026 1451 1252 1532 currit,
1277 1451 1443 1518 eniti
1474 1459 1542 1517 et
1560 1451 1955 1518 contendere
1984 1453 2200 1537 debet,
2224 1477 2417 1541 quam
2442 1477 2493 1519 ιο

407 1577 716 1621 maxume
768 1554 993 1642 possit,
1043 1563 1120 1618 ut
1166 1554 1406 1636 vincat,
1440 1553 1862 1640 supplantare
1912 1577 2086 1638 eum,
2135 1578 2421 1643 quocum

405 1665 633 1740 certet,
681 1665 794 1722 aut
845 1677 1044 1721 manu
1090 1654 1420 1742 depellere
1464 1656 1649 1722 nullo
1694 1656 1893 1723 modo
1937 1658 2169 1740 debet3
2216 1660 2306 1725 sic
2347 1661 2420 1724 in

405 1761 544 1825 'vita
571 1761 697 1826 sibi
729 1779 1062 1846 quemque
1091 1765 1334 1844 petere,
1359 1758 1540 1844 quod
1570 1759 1897 1844 pertineat
1920 1761 2003 1825 ad
2040 1783 2253 1846 usum,
2283 1784 2419 1829 non

403 1863 712 1948 iniquum
741 1869 858 1943 est,
891 1861 1079 1926 alteri
1109 1860 1407 1952 deripere
1438 1861 1542 1926 ius
1572 1882 1704 1927 non
1737 1862 1896 1928 est.'’

309 1975 384 2028 43
449 1963 808 2050 (Maxume
831 1971 1051 2028 autem
1083 1964 1559 2050 perturbantur
1587 1963 1799 2031 officia
1829 1965 1896 2030 in
1929 1966 2255 2051 amicitiis,
2281 1969 2487 2054 qni-1⁶

393 2066 526 2133 ,bus
577 2075 646 2132 et
685 2087 819 2132 non
874 2067 1182 2149 tribuere,
1237 2066 1414 2152 quod
1469 2074 1647 2132 recte
1697 2068 1925 2154 poesie,
1977 2076 2048 2133 et
2107 2070 2417 2153 tribuere,

403 2169 582 2256 quod
610 2153 744 2236 non
774 2169 859 2234 sit
895 2181 1199 2255 aequum,
1231 2177 1459 2234 contra
1500 2168 1787 2235 officium
1826 2177 1942 2235 est.
2033 2170 2162 2237 Sed
2208 2172 2402 2238 huius

401 2272 662 2360 generis
704 2272 910 2339 totius
956 2273 1158 2338 breve
1201 2279 1270 2338 et
1321 2294 1457 2338 non
1501 2270 1768 2339 difficile
1819 2282 2246 2360 praeceptum
2298 2285 2415 2342 est.

404 2376 591 2454 Quae
609 2376 785 2442 enim
806 2375 1122 2441 videntur
1143 2374 1351 2458 utilia,
1375 2373 1676 2457 honores,
1702 2374 1997 2459 divitiae,
2023 2376 2416 2465 voluptateS,

402 2486 617 2546 cetera
645 2479 908 2566 generis
937 2478 1253 2562 eiusdem,
1285 2477 1446 2544 haec
1481 2477 1808 2543 amicitiae
1842 2499 2207 2564 numquam
2243 2490 2486 2546 ante-so

400 2583 708 2672 ponenda
736 2589 911 2648 sunt.
1000 2582 1102 2645 At
1145 2602 1360 2668 neque
1395 2587 1623 2647 contra
1655 2602 1795 2646 rem
1833 2580 2165 2668 publicam
2201 2603 2418 2669 neque

397 2686 625 2745 contra
665 2679 771 2743 ins
810 2679 1162 2744 iurandum
1207 2703 1283 2746 ac
1326 2679 1527 2746 fidem
1574 2680 1769 2747 amici
1818 2703 2007 2748 causa
2051 2682 2153 2747 vir
2195 2683 2409 2748 bonus

395 2780 616 2862 faciet,
648 2800 732 2844 ne
778 2779 833 2844 si
879 2779 1078 2847 iudex
1114 2782 1383 2868 quidem
1431 2783 1557 2849 erit
1604 2782 1689 2848 de
1731 2784 1876 2872 ipso
1922 2784 2173 2868 amico;
2216 2785 2407 2872 ponit

395 2881 574 2945 enim
631 2901 980 2966 personam
1030 2885 1242 2966 amici,
1292 2906 1442 2950 cum
1490 2885 1710 2950 induit
1762 2886 2018 2953 iudicis.
2115 2887 2404 2952 Tantum

396 2981 581 3046 dabit
609 2981 954 3066 amicitiae,
986 2989 1063 3048 ut
1091 3005 1316 3050 veram
1353 2984 1549 3052 amici
1599 3007 1861 3053 causam
1909 3010 2047 3056 esse
2095 2992 2301 3076 malit,
2333 3002 2478 3058 utcu

396 3083 676 3149 orandae
706 3083 842 3151 litis
872 3093 1155 3172 tempuS,
1187 3087 1405 3173 quoad
1440 3109 1560 3175 per
1594 3087 1773 3176 leges
1807 3089 2020 3174 liceat,
2053 3113 2409 3161 accommo-

300 3197 376 3251 44
395 3185 526 3252 det.
617 3186 788 3253 Cum
813 3210 970 3255 vero
1000 3190 1216 3255 iurato
1246 3191 1575 3256 sententia
1608 3192 1888 3258 dicenda
1918 3194 2062 3278 erit,
2097 3197 2409 3264 memine-

391 3289 481 3354 rit
532 3289 730 3356 deum
781 3313 851 3357 se
898 3291 1209 3358 adhibere
1254 3299 1512 3376 testem,
1545 3293 1614 3359 id
1660 3302 1779 3378 est,
1811 3303 1888 3362 ut
1936 3317 2060 3384 ego
2104 3300 2404 3385 arbitror,

391 3401 682 3459 mentem
714 3415 919 3477 suam,
951 3415 1083 3479 qua
1118 3394 1289 3459 nihil
1323 3395 1581 3462 homini
1616 3398 1802 3464 dedit
1846 3400 2007 3466 deus
2050 3402 2193 3489 ipse
2236 3405 2406 3470 divi-

390 3495 557 3560 nius,
623 3495 859 3583 Itaque
881 3495 1283 3583 praeclarum
1308 3519 1347 3563 a
1369 3499 1728 3566 maioribus
1756 3504 2127 3590 accepimus
2151 3527 2397 3570 morem
2417 3529 2470 3570 so

388 3598 666 3680 rogandi
707 3598 962 3681 iudicis,
1009 3598 1065 3663 si
1119 3619 1270 3664 eum
1316 3608 1712 3687 teneremuS,
1760 3624 1941 3676 QUAE
1986 3626 2401 3686 sALvAnDE

387 3718 648 3765 neman
683 3722 913 3767 Possrr.
975 3699 1164 3768 Haec
1193 3703 1449 3791 rogatio
1471 3705 1555 3771 ad
1579 3727 1655 3772 ea
1676 3707 1985 3793 pertinet,
2010 3729 2179 3794 quae
2200 3706 2399 3794 paulo
