2867 4334
456 397 539 460 68
1235 391 1337 444 DE
1380 389 1689 444 OFFICIIS

453 550 678 611 utrum
703 541 1060 624 honestiuS‚
1080 542 1198 628 qui
1219 540 1402 608 locus
1423 563 1463 606 a
1484 540 1805 607 Panaetio
1834 547 1934 606 est
1957 540 2469 627 praetermissus.

317 709 358 731 Α
450 644 631 710 Nam
669 665 822 710 cum
864 644 1080 710 omnis
1117 642 1422 709 honestas
1462 650 1688 709 manet
1727 663 1767 708 a
1799 643 2101 729 partibus
2140 650 2469 730 quattuor,

355 731 365 741 ’
449 767 731 834 quarum
762 768 896 812 una
929 753 1028 811 est
1057 745 1474 833 cognitioniS,
1499 743 1705 810 altera
1738 745 2253 827 communitatis,
2278 746 2475 812 tertia

451 847 1031 935 magnanimitatis,
1056 856 1288 934 quarta
1319 847 1807 930 moderationiS,
1826 845 1988 913 haec
2016 847 2087 911 in
2118 847 2471 934 deligendo

318 961 433 1015 153
453 949 668 1018 officio
703 970 896 1037 saepe
930 949 1107 1015 inter
1136 971 1205 1016 se
1237 956 1703 1036 comparentur
1738 970 1998 1016 necesse
2035 957 2154 1015 est.
2242 948 2472 1034 Placet
2512 971 2542 1011 ιι

451 1053 662 1138 igitur
688 1052 944 1139 aptiora
971 1072 1112 1118 esse
1141 1058 1413 1118 naturae
1442 1073 1521 1118 ea
1547 1050 1779 1134 officia,
1804 1072 1972 1138 quae
2000 1072 2083 1116 ex
2113 1051 2474 1116 communi-

451 1162 608 1238 tate,
633 1175 832 1241 quam
867 1175 964 1237 ea,
987 1174 1157 1241 quae
1196 1176 1280 1220 ex
1316 1153 1699 1240 cogn-itione
1738 1153 2085 1236 ducantur,
2109 1153 2311 1239 idque
2347 1153 2473 1248 1109

451 1264 843 1344 argumento
873 1255 1242 1323 confirmari
1274 1265 1509 1343 potest,
1536 1255 1735 1342 quod,
1760 1254 1815 1321 si
1845 1255 2199 1342 contigerit
2228 1241 2318 1322 ea.⁴
2335 1256 2474 1320 vita

452 1359 753 1447 sapienti,
784 1365 862 1423 ut
905 1358 1206 1424 omnium
1250 1378 1473 1423 rerum
1516 1355 1938 1424 affluentibus
1981 1357 2185 1444 copiis
2228 1357 2471 1440 omnia,

451 1482 621 1548 quae
677 1459 1058 1548 cognitione
1108 1460 1310 1545 digna
1361 1459 1513 1542 sint,
1550 1479 1810 1524 summo
1867 1459 2006 1548 otio
2056 1480 2280 1525 secum
2331 1459 2473 1546 ipse
2488 1482 2542 1525 ιο

455 1563 824 1630 consideret
853 1570 921 1628 et
950 1561 1452 1647 contempletur,
1477 1569 1721 1645 tamen,
1745 1562 1799 1626 si
1830 1561 2116 1627 solitudo
2148 1569 2329 1626 tanta
2363 1561 2471 1644 sit,

455 1675 532 1732 ut
571 1665 911 1732 hominem
948 1664 1174 1730 videre
1218 1685 1352 1729 non
1397 1664 1623 1750 possit,
1656 1664 1931 1730 excedat
1965 1686 2002 1730 e
2042 1663 2194 1728 vita.
2282 1661 2471 1728 Prin-

456 1789 738 1856 cepsque
776 1767 1078 1833 omnium
1115 1765 1443 1831 virtutum
1480 1765 1593 1831 illa
1634 1766 1975 1852 sapientia,
2006 1786 2205 1851 quam
2242 1770 2474 1854 σοφίαν

457 1869 693 1936 Graeci
737 1869 1512 1955 vocant—prudentiam
1558 1869 1757 1952 enim,
1795 1889 1995 1955 quam
2040 1868 2278 1934 Graeci
2324 1872 2472 1957 φρό-

458 2003 640 2052 νησιν
674 1972 926 2053 dicunt,
949 1971 1146 2039 aliam
1181 1971 1514 2059 quandam
1550 1970 2019 2058 intellegimuS,
2044 1991 2212 2056 quae
2245 1981 2345 2037 est
2379 1993 2542 2041 re-us

457 2097 606 2141 rum
651 2073 1166 2162 expetendarum
1207 2073 1811 2160 fugiendarumque
1854 2073 2160 2156 scientia3
2211 2073 2326 2142 illa
2368 2094 2476 2138 au-
2532 2135 2537 2138 .

457 2186 594 2244 tem
630 2176 969 2264 sapientia,
994 2197 1192 2262 quam
1228 2176 1600 2263 principem
1636 2176 1797 2259 dixi,
1829 2196 2049 2241 rerum
2087 2185 2187 2241 est
2220 2176 2475 2242 divina-

456 2302 606 2345 rum
636 2288 704 2345 et
733 2278 1170 2344 humanarum
1204 2277 1498 2361 scientia,
1522 2278 1593 2343 in
1629 2298 1759 2366 qua
1794 2278 2171 2344 continetur
2196 2277 2474 2348 deorum

458 2389 528 2448 et
561 2381 907 2448 hominum
948 2380 1382 2448 communitas
1421 2389 1492 2446 et
1529 2381 1799 2446 societas
1832 2381 2009 2446 inter
2046 2381 2260 2467 ipsos3
2304 2389 2381 2447 e'a
2418 2381 2474 2447 si

457 2485 745 2552 maxima
777 2490 896 2566 est,
922 2492 998 2550 ut
1032 2491 1132 2549 est
1167 2491 1363 2566 certe,
1387 2503 1649 2550 neeesse
1683 2489 1802 2564 est,
1826 2483 2008 2569 quod
2040 2504 2079 2547 a
2114 2475 2544 2550 communi-so

459 2594 594 2653 tate
627 2587 905 2652 ducatur
939 2585 1247 2668 officium,
1272 2585 1340 2650 id
1373 2605 1511 2650 esse
1549 2585 1933 2650 maximnm.
2021 2583 2289 2650 Etenim
2327 2606 2475 2670 cog-

457 2689 628 2754 nitio
677 2687 1279 2775 contemplatioque
1336 2695 1607 2752 naturae
1658 2707 1889 2767 manca
1940 2687 2223 2774 quodam
2274 2689 2475 2756 modo

459 2799 656 2876 atque
700 2788 1002 2856 inchoata
1054 2790 1159 2871 sit,
1196 2788 1252 2854 si
1296 2787 1479 2853 nulla
1528 2789 1700 2854 actio
1743 2810 1966 2854 rerum
2018 2798 2472 2878 consequatur.

458 2889 557 2956 Ea
585 2897 806 2956 autem
837 2891 1008 2956 actio
1036 2891 1107 2955 in
1131 2889 1481 2957 hominum
1511 2891 1874 2957 commodis
1898 2892 2160 2959 tuendis
2189 2895 2475 2960 maxime

458 2993 788 3075 cernitur3
823 2993 1112 3079 pertinet
1135 2993 1340 3079 igitur
1367 2993 1450 3058 ad
1472 2992 1850 3058 societatem
1880 2994 2141 3079 generis
2162 2993 2435 3060 humani
2456 3017 2473 3077 ;
2491 3019 2546 3061 π

324 3107 441 3163 154
459 3116 617 3182 ergo
646 3093 806 3161 haec
840 3094 1206 3181 cognitioni
1241 3094 1702 3181 anteponenda
1736 3103 1855 3160 est.
1943 3095 2175 3181 Atque
2208 3096 2280 3161 id
2309 3097 2477 3182 opti-

458 3219 605 3264 mus
626 3196 906 3285 quisque
934 3218 1006 3262 re
1034 3196 1177 3284 ipsa
1206 3195 1497 3262 ostendit
1524 3203 1594 3262 et
1614 3195 1879 3262 iudicat.
1970 3195 2137 3274 Quis
2166 3197 2345 3263 enim
2375 3207 2476 3265 est

456 3308 591 3366 tam
624 3297 902 3387 cupidus
932 3297 1001 3364 in
1027 3297 1485 3386 perspicienda
1512 3298 2093 3385 cognoscendaque
2124 3318 2345 3365 rerum
2368 3322 2476 3368 na·

457 3411 620 3486 tura,
650 3410 748 3485 ut,
778 3401 837 3466 si
870 3401 930 3467 ei
967 3401 1277 3467 tractanti
1313 3399 1921 3487 contemplantique
1956 3421 2061 3466 res
2095 3402 2475 3488 cognitione

455 3504 870 3591 dignissimas
903 3503 1122 3571 subito
1160 3503 1246 3569 sit
1281 3501 1552 3568 allatum
1584 3500 1954 3589 periculum
1990 3501 2545 3590 discrimenqueso

455 3607 724 3690 patriae,
743 3606 853 3672 cui
875 3605 1226 3672 subvenire
1247 3605 1691 3696 opitularique
1711 3603 1939 3691 possit,
1958 3625 2095 3670 non
2117 3604 2231 3670 illa
2252 3605 2477 3671 omnia

456 3706 789 3793 relinquat
831 3715 1030 3794 atque
1073 3707 1332 3792 abiciat,
1370 3707 1629 3775 etiamsi
1673 3706 2090 3774 dinumerare
2142 3726 2212 3773 se
2254 3705 2478 3775 stellas
