<?xml version="1.0" encoding="UTF-8"?>
<!DOCTYPE html PUBLIC "-//W3C//DTD XHTML 1.0 Transitional//EN"
    "http://www.w3.org/TR/xhtml1/DTD/xhtml1-transitional.dtd">
<html xmlns="http://www.w3.org/1999/xhtml" xml:lang="en" lang="en">
 <head>
  <title>
</title>
<meta http-equiv="Content-Type" content="text/html;charset=utf-8" />
  <meta name='ocr-system' content='tesseract 3.04.00' />
  <meta name='ocr-capabilities' content='ocr_page ocr_carea ocr_par ocr_line ocrx_word'/>
</head>
<body>
  <div class='ocr_page' id='page_1' title='image "./mtulliiciceroni07unkngoog_0124.png"; bbox 0 0 2867 4334; ppageno 0'>
   <div class='ocr_carea' id='block_1_1' title="bbox 954 383 2467 451">
    <p class='ocr_par' dir='ltr' id='par_1_1' title="bbox 954 383 2467 451">
     <span class='ocr_line' id='line_1_1' title="bbox 954 383 2467 451; baseline 0.001 -17"><span class='ocrx_word' id='word_1_1' title='bbox 954 385 1092 437; x_wconf 87' lang='lat' dir='ltr'>LIB.</span> <span class='ocrx_word' id='word_1_2' title='bbox 1131 385 1209 437; x_wconf 88' lang='lat'>11.</span> <span class='ocrx_word' id='word_1_3' title='bbox 1279 383 1439 451; x_wconf 80' lang='lat' dir='ltr'>CAP.</span> <span class='ocrx_word' id='word_1_4' title='bbox 1482 386 1657 437; x_wconf 82' lang='lat'>11-13.</span> <span class='ocrx_word' id='word_1_5' title='bbox 1730 384 1761 446; x_wconf 68' lang='lat'>5</span> <span class='ocrx_word' id='word_1_6' title='bbox 1795 387 1976 436; x_wconf 82' lang='lat'>40-44.</span> <span class='ocrx_word' id='word_1_7' title='bbox 2386 387 2467 450; x_wconf 84' lang='grc'>95</span> 
     </span>
    </p>
   </div>
   <div class='ocr_carea' id='block_1_2' title="bbox 387 533 2619 3799">
    <p class='ocr_par' dir='ltr' id='par_1_2' title="bbox 387 533 2584 3086">
     <span class='ocr_line' id='line_1_2' title="bbox 453 533 2468 626; baseline -0 -25"><span class='ocrx_word' id='word_1_8' title='bbox 453 536 794 626; x_wconf 84' lang='lat' dir='ltr'>Adiuncto</span> <span class='ocrx_word' id='word_1_9' title='bbox 840 556 1017 617; x_wconf 87' lang='lat' dir='ltr'>vero,</span> <span class='ocrx_word' id='word_1_10' title='bbox 1057 543 1132 600; x_wconf 91' lang='lat' dir='ltr'>ut</span> <span class='ocrx_word' id='word_1_11' title='bbox 1176 533 1602 600; x_wconf 89' lang='lat' dir='ltr'>idem·etiam</span> <span class='ocrx_word' id='word_1_12' title='bbox 1648 535 2007 623; x_wconf 82' lang='lat' dir='ltr'><strong>prudentes</strong></span> <span class='ocrx_word' id='word_1_13' title='bbox 2049 534 2468 619; x_wconf 81' lang='lat' dir='ltr'><strong>haberentur,</strong></span> 
     </span>
     <span class='ocr_line' id='line_1_3' title="bbox 452 636 2471 726; baseline 0 -24"><span class='ocrx_word' id='word_1_14' title='bbox 452 638 622 703; x_wconf 89' lang='lat' dir='ltr'>nihil</span> <span class='ocrx_word' id='word_1_15' title='bbox 651 644 810 722; x_wconf 89' lang='lat' dir='ltr'>erat,</span> <span class='ocrx_word' id='word_1_16' title='bbox 843 637 1021 724; x_wconf 92' lang='lat' dir='ltr'>quod</span> <span class='ocrx_word' id='word_1_17' title='bbox 1058 636 1360 704; x_wconf 87' lang='lat' dir='ltr'>homines</span> <span class='ocrx_word' id='word_1_18' title='bbox 1394 638 1477 702; x_wconf 92' lang='lat' dir='ltr'>iis</span> <span class='ocrx_word' id='word_1_19' title='bbox 1512 639 1885 705; x_wconf 83' lang='lat' dir='ltr'>auctoribus</span> <span class='ocrx_word' id='word_1_20' title='bbox 1928 661 2062 705; x_wconf 90' lang='lat' dir='ltr'>non</span> <span class='ocrx_word' id='word_1_21' title='bbox 2098 661 2287 726; x_wconf 89' lang='lat' dir='ltr'>posse</span> <span class='ocrx_word' id='word_1_22' title='bbox 2322 661 2471 706; x_wconf 89' lang='lat' dir='ltr'>con·</span> 
     </span>
     <span class='ocr_line' id='line_1_4' title="bbox 451 740 2471 828; baseline 0.001 -22"><span class='ocrx_word' id='word_1_23' title='bbox 451 741 638 827; x_wconf 88' lang='lat' dir='ltr'>sequi</span> <span class='ocrx_word' id='word_1_24' title='bbox 667 763 736 806; x_wconf 88' lang='lat' dir='ltr'>se</span> <span class='ocrx_word' id='word_1_25' title='bbox 767 741 1262 807; x_wconf 74' lang='lat' dir='ltr'>arbitrarentur.</span> <span class='ocrx_word' id='word_1_26' title='bbox 1344 740 1549 806; x_wconf 89' lang='lat' dir='ltr'>Omni</span> <span class='ocrx_word' id='word_1_27' title='bbox 1582 741 1788 828; x_wconf 88' lang='lat' dir='ltr'>igitur</span> <span class='ocrx_word' id='word_1_28' title='bbox 1816 742 2071 807; x_wconf 89' lang='lat' dir='ltr'>ratione</span> <span class='ocrx_word' id='word_1_29' title='bbox 2102 741 2373 808; x_wconf 90' lang='lat' dir='ltr'>colenda</span> <span class='ocrx_word' id='word_1_30' title='bbox 2402 750 2471 808; x_wconf 88' lang='lat' dir='ltr'>et</span> 
     </span>
     <span class='ocr_line' id='line_1_5' title="bbox 453 843 2471 930; baseline 0.001 -22"><span class='ocrx_word' id='word_1_31' title='bbox 453 843 796 909; x_wconf 87' lang='lat' dir='ltr'>retinenda</span> <span class='ocrx_word' id='word_1_32' title='bbox 824 843 1076 908; x_wconf 88' lang='lat' dir='ltr'>iustitia</span> <span class='ocrx_word' id='word_1_33' title='bbox 1099 850 1211 908; x_wconf 84' lang='lat' dir='ltr'>cst</span> <span class='ocrx_word' id='word_1_34' title='bbox 1246 864 1399 909; x_wconf 91' lang='lat' dir='ltr'>cum</span> <span class='ocrx_word' id='word_1_35' title='bbox 1439 843 1579 929; x_wconf 88' lang='lat' dir='ltr'>ipsa</span> <span class='ocrx_word' id='word_1_36' title='bbox 1612 865 1734 930; x_wconf 89' lang='lat' dir='ltr'>per</span> <span class='ocrx_word' id='word_1_37' title='bbox 1761 865 1901 910; x_wconf 87' lang='lat' dir='ltr'>sese</span> <span class='ocrx_word' id='word_1_38' title='bbox 1938 844 2119 929; x_wconf 90' lang='lat' dir='ltr'>(nam</span> <span class='ocrx_word' id='word_1_39' title='bbox 2156 844 2349 910; x_wconf 90' lang='lat' dir='ltr'>aliter</span> <span class='ocrx_word' id='word_1_40' title='bbox 2376 845 2471 910; x_wconf 89' lang='lat' dir='ltr'>iu-</span> 
     </span>
     <span class='ocr_line' id='line_1_6' title="bbox 411 945 2470 1033; baseline 0.001 -23"><span class='ocrx_word' id='word_1_41' title='bbox 411 946 634 1011; x_wconf 68' lang='lat' dir='ltr'>sstitia</span> <span class='ocrx_word' id='word_1_42' title='bbox 669 967 802 1011; x_wconf 88' lang='lat' dir='ltr'>non</span> <span class='ocrx_word' id='word_1_43' title='bbox 839 945 1051 1032; x_wconf 87' lang='lat' dir='ltr'>esset),</span> <span class='ocrx_word' id='word_1_44' title='bbox 1091 953 1236 1010; x_wconf 89' lang='lat' dir='ltr'>tum</span> <span class='ocrx_word' id='word_1_45' title='bbox 1272 953 1547 1032; x_wconf 88' lang='lat' dir='ltr'>propter</span> <span class='ocrx_word' id='word_1_46' title='bbox 1580 945 2163 1033; x_wconf 86' lang='lat' dir='ltr'>amplificationem</span> <span class='ocrx_word' id='word_1_47' title='bbox 2200 946 2470 1012; x_wconf 89' lang='lat' dir='ltr'>honoris</span> 
     </span>
     <span class='ocr_line' id='line_1_7' title="bbox 454 1047 2469 1136; baseline 0 -23"><span class='ocrx_word' id='word_1_48' title='bbox 454 1055 522 1113; x_wconf 91' lang='lat' dir='ltr'>et</span> <span class='ocrx_word' id='word_1_49' title='bbox 570 1048 838 1135; x_wconf 91' lang='lat' dir='ltr'>gloriae.</span> <span class='ocrx_word' id='word_1_50' title='bbox 929 1047 1061 1114; x_wconf 84' lang='lat' dir='ltr'>Sed</span> <span class='ocrx_word' id='word_1_51' title='bbox 1112 1055 1187 1112; x_wconf 91' lang='lat' dir='ltr'>ut</span> <span class='ocrx_word' id='word_1_52' title='bbox 1239 1048 1557 1136; x_wconf 89' lang='lat' dir='ltr'>pecuniae</span> <span class='ocrx_word' id='word_1_53' title='bbox 1607 1070 1742 1123; x_wconf 84' lang='lat' dir='ltr'>non</span> <span class='ocrx_word' id='word_1_54' title='bbox 1794 1049 2206 1136; x_wconf 83' lang='lat' dir='ltr'>quaerendae</span> <span class='ocrx_word' id='word_1_55' title='bbox 2256 1050 2469 1115; x_wconf 89' lang='lat' dir='ltr'>solum</span> 
     </span>
     <span class='ocr_line' id='line_1_8' title="bbox 453 1150 2471 1239; baseline 0.001 -24"><span class='ocrx_word' id='word_1_56' title='bbox 453 1151 621 1216; x_wconf 88' lang='lat' dir='ltr'>ratio</span> <span class='ocrx_word' id='word_1_57' title='bbox 674 1159 791 1234; x_wconf 89' lang='lat' dir='ltr'>est,</span> <span class='ocrx_word' id='word_1_58' title='bbox 847 1172 1116 1232; x_wconf 61' lang='lat' dir='ltr'>verum1</span> <span class='ocrx_word' id='word_1_59' title='bbox 1138 1152 1338 1217; x_wconf 87' lang='lat' dir='ltr'>etiam</span> <span class='ocrx_word' id='word_1_60' title='bbox 1394 1150 1827 1233; x_wconf 81' lang='lat' dir='ltr'>collocandae,</span> <span class='ocrx_word' id='word_1_61' title='bbox 1891 1173 2059 1238; x_wconf 91' lang='lat' dir='ltr'>quae</span> <span class='ocrx_word' id='word_1_62' title='bbox 2116 1159 2471 1239; x_wconf 87' lang='lat' dir='ltr'>perpetuos</span> 
     </span>
     <span class='ocr_line' id='line_1_9' title="bbox 454 1253 2470 1340; baseline -0 -22"><span class='ocrx_word' id='word_1_63' title='bbox 454 1261 758 1339; x_wconf 86' lang='lat' dir='ltr'>sumptus</span> <span class='ocrx_word' id='word_1_64' title='bbox 793 1253 1194 1340; x_wconf 80' lang='lat' dir='ltr'>suppeditet,</span> <span class='ocrx_word' id='word_1_65' title='bbox 1237 1275 1366 1321; x_wconf 89' lang='lat' dir='ltr'>-nec</span> <span class='ocrx_word' id='word_1_66' title='bbox 1416 1253 1631 1320; x_wconf 88' lang='lat' dir='ltr'>solum</span> <span class='ocrx_word' id='word_1_67' title='bbox 1666 1255 2075 1337; x_wconf 79' lang='lat' dir='ltr'>necessariOS,</span> <span class='ocrx_word' id='word_1_68' title='bbox 2109 1255 2223 1320; x_wconf 91' lang='lat' dir='ltr'>sed</span> <span class='ocrx_word' id='word_1_69' title='bbox 2270 1254 2470 1319; x_wconf 88' lang='lat' dir='ltr'>etiam</span> 
     </span>
     <span class='ocr_line' id='line_1_10' title="bbox 455 1353 2471 1442; baseline 0.001 -24"><span class='ocrx_word' id='word_1_70' title='bbox 455 1353 776 1438; x_wconf 80' lang='lat' dir='ltr'>liberaleS,</span> <span class='ocrx_word' id='word_1_71' title='bbox 808 1356 899 1422; x_wconf 86' lang='lat' dir='ltr'>sic</span> <span class='ocrx_word' id='word_1_72' title='bbox 925 1355 1136 1441; x_wconf 87' lang='lat' dir='ltr'>gloria</span> <span class='ocrx_word' id='word_1_73' title='bbox 1171 1363 1239 1421; x_wconf 87' lang='lat' dir='ltr'>et</span> <span class='ocrx_word' id='word_1_74' title='bbox 1275 1356 1649 1442; x_wconf 89' lang='lat' dir='ltr'>quaerenda</span> <span class='ocrx_word' id='word_1_75' title='bbox 1683 1363 1753 1422; x_wconf 85' lang='lat' dir='ltr'>et</span> <span class='ocrx_word' id='word_1_76' title='bbox 1796 1356 2174 1423; x_wconf 86' lang='lat' dir='ltr'>collocanda</span> <span class='ocrx_word' id='word_1_77' title='bbox 2215 1355 2471 1422; x_wconf 88' lang='lat' dir='ltr'>ratione</span> 
     </span>
     <span class='ocr_line' id='line_1_11' title="bbox 387 1457 2565 1545; baseline 0 -23"><span class='ocrx_word' id='word_1_78' title='bbox 387 1482 440 1522; x_wconf 78' lang='grc' dir='ltr'>ιο</span> <span class='ocrx_word' id='word_1_79' title='bbox 458 1465 576 1522; x_wconf 89' lang='lat' dir='ltr'>est.</span> <span class='ocrx_word' id='word_1_80' title='bbox 682 1457 1098 1545; x_wconf 82' lang='lat' dir='ltr'>Quamquam</span> <span class='ocrx_word' id='word_1_81' title='bbox 1164 1458 1495 1545; x_wconf 86' lang='lat' dir='ltr'>praeclare</span> <span class='ocrx_word' id='word_1_82' title='bbox 1554 1459 1853 1526; x_wconf 78' lang='lat' dir='ltr'>Socrates</span> <span class='ocrx_word' id='word_1_83' title='bbox 1914 1457 2086 1526; x_wconf 89' lang='lat' dir='ltr'>hanc</span> <span class='ocrx_word' id='word_1_84' title='bbox 2147 1457 2329 1523; x_wconf 86' lang='lat' dir='ltr'>viam</span> <span class='ocrx_word' id='word_1_85' title='bbox 2386 1458 2470 1523; x_wconf 89' lang='lat' dir='ltr'>ad</span> <span class='ocrx_word' id='word_1_86' title='bbox 2487 1469 2565 1523; x_wconf 87' lang='lat'>43</span> 
     </span>
     <span class='ocr_line' id='line_1_12' title="bbox 455 1559 2471 1648; baseline 0.001 -26"><span class='ocrx_word' id='word_1_87' title='bbox 455 1559 733 1646; x_wconf 82' lang='lat' dir='ltr'>gloriam</span> <span class='ocrx_word' id='word_1_88' title='bbox 794 1561 1162 1646; x_wconf 86' lang='lat' dir='ltr'>proximam</span> <span class='ocrx_word' id='word_1_89' title='bbox 1222 1568 1290 1626; x_wconf 88' lang='lat' dir='ltr'>et</span> <span class='ocrx_word' id='word_1_90' title='bbox 1354 1561 1540 1647; x_wconf 81' lang='lat' dir='ltr'>quasi</span> <span class='ocrx_word' id='word_1_91' title='bbox 1595 1561 2151 1648; x_wconf 80' lang='lat' dir='ltr'>compendiariam</span> <span class='ocrx_word' id='word_1_92' title='bbox 2210 1559 2471 1625; x_wconf 86' lang='lat' dir='ltr'>dicebat</span> 
     </span>
     <span class='ocr_line' id='line_1_13' title="bbox 457 1660 2468 1749; baseline 0 -23"><span class='ocrx_word' id='word_1_93' title='bbox 457 1683 611 1745; x_wconf 89' lang='lat' dir='ltr'>csse,</span> <span class='ocrx_word' id='word_1_94' title='bbox 636 1662 689 1726; x_wconf 89' lang='lat' dir='ltr'>si</span> <span class='ocrx_word' id='word_1_95' title='bbox 720 1663 868 1748; x_wconf 87' lang='lat' dir='ltr'>quis</span> <span class='ocrx_word' id='word_1_96' title='bbox 896 1663 966 1727; x_wconf 90' lang='lat' dir='ltr'>id</span> <span class='ocrx_word' id='word_1_97' title='bbox 989 1669 1231 1749; x_wconf 85' lang='lat' dir='ltr'>ageret,</span> <span class='ocrx_word' id='word_1_98' title='bbox 1258 1671 1352 1746; x_wconf 86' lang='lat' dir='ltr'>ut,</span> <span class='ocrx_word' id='word_1_99' title='bbox 1375 1662 1591 1749; x_wconf 90' lang='lat' dir='ltr'>qualis</span> <span class='ocrx_word' id='word_1_100' title='bbox 1613 1662 1839 1729; x_wconf 89' lang='lat' dir='ltr'>haberi</span> <span class='ocrx_word' id='word_1_101' title='bbox 1854 1663 2083 1745; x_wconf 54' lang='lat' dir='ltr'>.vellet,</span> <span class='ocrx_word' id='word_1_102' title='bbox 2110 1660 2255 1728; x_wconf 86' lang='lat' dir='ltr'>talis</span> <span class='ocrx_word' id='word_1_103' title='bbox 2279 1670 2468 1729; x_wconf 87' lang='lat' dir='ltr'>esset.</span> 
     </span>
     <span class='ocr_line' id='line_1_14' title="bbox 459 1766 2473 1854; baseline 0.001 -22"><span class='ocrx_word' id='word_1_104' title='bbox 459 1767 710 1844; x_wconf 81' lang='lat' dir='ltr'>Quodsi</span> <span class='ocrx_word' id='word_1_105' title='bbox 747 1769 862 1854; x_wconf 92' lang='lat' dir='ltr'>qui</span> <span class='ocrx_word' id='word_1_106' title='bbox 907 1767 1327 1834; x_wconf 88' lang='lat' dir='ltr'>simulatione</span> <span class='ocrx_word' id='word_1_107' title='bbox 1373 1776 1443 1834; x_wconf 90' lang='lat' dir='ltr'>et</span> <span class='ocrx_word' id='word_1_108' title='bbox 1488 1769 1671 1833; x_wconf 86' lang='lat' dir='ltr'>inani</span> <span class='ocrx_word' id='word_1_109' title='bbox 1719 1769 2157 1835; x_wconf 82' lang='lat' dir='ltr'>ostentatione</span> <span class='ocrx_word' id='word_1_110' title='bbox 2200 1775 2269 1833; x_wconf 87' lang='lat' dir='ltr'>et</span> <span class='ocrx_word' id='word_1_111' title='bbox 2313 1766 2473 1834; x_wconf 86' lang='lat' dir='ltr'>ficto</span> 
     </span>
     <span class='ocr_line' id='line_1_15' title="bbox 457 1868 2474 1958; baseline 0.001 -26"><span class='ocrx_word' id='word_1_112' title='bbox 457 1889 590 1950; x_wconf 86' lang='lat' dir='ltr'>non</span> <span class='ocrx_word' id='word_1_113' title='bbox 623 1871 821 1935; x_wconf 88' lang='lat' dir='ltr'>modo</span> <span class='ocrx_word' id='word_1_114' title='bbox 843 1891 1166 1954; x_wconf 89' lang='lat' dir='ltr'>sermone,</span> <span class='ocrx_word' id='word_1_115' title='bbox 1191 1870 1305 1936; x_wconf 89' lang='lat' dir='ltr'>sed</span> <span class='ocrx_word' id='word_1_116' title='bbox 1335 1872 1537 1936; x_wconf 88' lang='lat' dir='ltr'>etiam</span> <span class='ocrx_word' id='word_1_117' title='bbox 1560 1871 1749 1936; x_wconf 88' lang='lat' dir='ltr'>voltu</span> <span class='ocrx_word' id='word_1_118' title='bbox 1776 1871 2076 1936; x_wconf 88' lang='lat' dir='ltr'>stabilem</span> <span class='ocrx_word' id='word_1_119' title='bbox 2101 1892 2169 1936; x_wconf 88' lang='lat' dir='ltr'>se</span> <span class='ocrx_word' id='word_1_120' title='bbox 2190 1868 2474 1958; x_wconf 85' lang='lat' dir='ltr'>gloriam</span> 
     </span>
     <span class='ocr_line' id='line_1_16' title="bbox 389 1973 2476 2060; baseline 0 -22"><span class='ocrx_word' id='word_1_121' title='bbox 389 1997 444 2038; x_wconf 76' lang='lat'>15</span> <span class='ocrx_word' id='word_1_122' title='bbox 458 1973 771 2058; x_wconf 89' lang='lat' dir='ltr'>consequi</span> <span class='ocrx_word' id='word_1_123' title='bbox 801 1992 989 2059; x_wconf 90' lang='lat' dir='ltr'>posse</span> <span class='ocrx_word' id='word_1_124' title='bbox 1018 1979 1269 2056; x_wconf 88' lang='lat' dir='ltr'>rentur,</span> <span class='ocrx_word' id='word_1_125' title='bbox 1294 1973 1725 2040; x_wconf 86' lang='lat' dir='ltr'>vehementer</span> <span class='ocrx_word' id='word_1_126' title='bbox 1752 1982 1995 2039; x_wconf 78' lang='lat' dir='ltr'>errant.&#39;</span> <span class='ocrx_word' id='word_1_127' title='bbox 2058 1973 2239 2040; x_wconf 88' lang='lat' dir='ltr'>Vera</span> <span class='ocrx_word' id='word_1_128' title='bbox 2259 1973 2476 2060; x_wconf 87' lang='lat' dir='ltr'>gloria.</span> 
     </span>
     <span class='ocr_line' id='line_1_17' title="bbox 459 2065 2475 2164; baseline 0.001 -26"><span class='ocrx_word' id='word_1_129' title='bbox 459 2075 709 2140; x_wconf 87' lang='lat' dir='ltr'>radices</span> <span class='ocrx_word' id='word_1_130' title='bbox 738 2076 877 2160; x_wconf 90' lang='lat' dir='ltr'>agit</span> <span class='ocrx_word' id='word_1_131' title='bbox 907 2082 1105 2161; x_wconf 88' lang='lat' dir='ltr'>atque</span> <span class='ocrx_word' id='word_1_132' title='bbox 1135 2065 1348 2143; x_wconf 84' lang='lat' dir='ltr'>etiam</span> <span class='ocrx_word' id='word_1_133' title='bbox 1365 2065 1784 2164; x_wconf 78' lang='lat' dir='ltr'>propagatur,</span> <span class='ocrx_word' id='word_1_134' title='bbox 1816 2075 1971 2142; x_wconf 88' lang='lat' dir='ltr'>ficta</span> <span class='ocrx_word' id='word_1_135' title='bbox 2001 2077 2221 2142; x_wconf 87' lang='lat' dir='ltr'>omnia</span> <span class='ocrx_word' id='word_1_136' title='bbox 2249 2076 2475 2143; x_wconf 87' lang='lat' dir='ltr'>celeri-</span> 
     </span>
     <span class='ocr_line' id='line_1_18' title="bbox 459 2176 2475 2265; baseline 0.002 -25"><span class='ocrx_word' id='word_1_137' title='bbox 459 2185 564 2241; x_wconf 88' lang='lat' dir='ltr'>ter</span> <span class='ocrx_word' id='word_1_138' title='bbox 607 2183 942 2263; x_wconf 89' lang='lat' dir='ltr'>tamquam</span> <span class='ocrx_word' id='word_1_139' title='bbox 985 2176 1240 2243; x_wconf 88' lang='lat' dir='ltr'>flosculi</span> <span class='ocrx_word' id='word_1_140' title='bbox 1283 2178 1621 2262; x_wconf 90' lang='lat' dir='ltr'>decidunt,</span> <span class='ocrx_word' id='word_1_141' title='bbox 1658 2201 1780 2245; x_wconf 90' lang='lat' dir='ltr'>nec</span> <span class='ocrx_word' id='word_1_142' title='bbox 1824 2177 2203 2244; x_wconf 86' lang='lat' dir='ltr'>simulatum</span> <span class='ocrx_word' id='word_1_143' title='bbox 2250 2187 2475 2265; x_wconf 90' lang='lat' dir='ltr'>potest</span> 
     </span>
     <span class='ocr_line' id='line_1_19' title="bbox 458 2279 2473 2368; baseline 0.001 -26"><span class='ocrx_word' id='word_1_144' title='bbox 458 2279 814 2368; x_wconf 83' lang='lat' dir='ltr'>quicquam</span> <span class='ocrx_word' id='word_1_145' title='bbox 870 2300 1008 2344; x_wconf 88' lang='lat' dir='ltr'>esse</span> <span class='ocrx_word' id='word_1_146' title='bbox 1058 2280 1469 2367; x_wconf 89' lang='lat' dir='ltr'>diuturnum.</span> <span class='ocrx_word' id='word_1_147' title='bbox 1559 2281 1790 2346; x_wconf 87' lang='lat' dir='ltr'>Testes</span> <span class='ocrx_word' id='word_1_148' title='bbox 1840 2288 1995 2346; x_wconf 89' lang='lat' dir='ltr'>sunt</span> <span class='ocrx_word' id='word_1_149' title='bbox 2041 2281 2357 2366; x_wconf 89' lang='lat' dir='ltr'>permulti</span> <span class='ocrx_word' id='word_1_150' title='bbox 2399 2282 2473 2356; x_wconf 80' lang='lat' dir='ltr'>in</span> 
     </span>
     <span class='ocr_line' id='line_1_20' title="bbox 458 2381 2475 2468; baseline 0.001 -23"><span class='ocrx_word' id='word_1_151' title='bbox 458 2388 810 2468; x_wconf 91' lang='lat' dir='ltr'>utramque</span> <span class='ocrx_word' id='word_1_152' title='bbox 838 2390 1114 2468; x_wconf 89' lang='lat' dir='ltr'>partem,</span> <span class='ocrx_word' id='word_1_153' title='bbox 1145 2382 1261 2448; x_wconf 89' lang='lat' dir='ltr'>sed</span> <span class='ocrx_word' id='word_1_154' title='bbox 1297 2383 1640 2449; x_wconf 90' lang='lat' dir='ltr'>brevitatis</span> <span class='ocrx_word' id='word_1_155' title='bbox 1674 2403 1865 2448; x_wconf 87' lang='lat' dir='ltr'>causa</span> <span class='ocrx_word' id='word_1_156' title='bbox 1892 2381 2148 2447; x_wconf 82' lang='lat' dir='ltr'>familia</span> <span class='ocrx_word' id='word_1_157' title='bbox 2177 2383 2475 2449; x_wconf 88' lang='lat' dir='ltr'>contenti</span> 
     </span>
     <span class='ocr_line' id='line_1_21' title="bbox 391 2483 2476 2551; baseline 0.002 -7"><span class='ocrx_word' id='word_1_158' title='bbox 391 2484 706 2550; x_wconf 72' lang='lat' dir='ltr'>merimus</span> <span class='ocrx_word' id='word_1_159' title='bbox 749 2505 902 2550; x_wconf 89' lang='lat' dir='ltr'>una.</span> <span class='ocrx_word' id='word_1_160' title='bbox 993 2485 1095 2551; x_wconf 88' lang='lat' dir='ltr'>Ti.</span> <span class='ocrx_word' id='word_1_161' title='bbox 1127 2486 1306 2551; x_wconf 90' lang='lat' dir='ltr'>enim</span> <span class='ocrx_word' id='word_1_162' title='bbox 1344 2485 1684 2551; x_wconf 79' lang='lat' dir='ltr'>Gracchus</span> <span class='ocrx_word' id='word_1_163' title='bbox 1720 2484 1801 2549; x_wconf 89' lang='lat' dir='ltr'>P.</span> <span class='ocrx_word' id='word_1_164' title='bbox 1831 2483 1883 2548; x_wconf 84' lang='lat' dir='ltr'>f.</span> <span class='ocrx_word' id='word_1_165' title='bbox 1920 2493 2056 2549; x_wconf 90' lang='lat' dir='ltr'>tam</span> <span class='ocrx_word' id='word_1_166' title='bbox 2093 2484 2211 2549; x_wconf 88' lang='lat' dir='ltr'>diu</span> <span class='ocrx_word' id='word_1_167' title='bbox 2254 2484 2476 2549; x_wconf 90' lang='lat' dir='ltr'>lauda-</span> 
     </span>
     <span class='ocr_line' id='line_1_22' title="bbox 460 2587 2477 2671; baseline -0 -18"><span class='ocrx_word' id='word_1_168' title='bbox 460 2588 656 2671; x_wconf 89' lang='lat' dir='ltr'>bitur,</span> <span class='ocrx_word' id='word_1_169' title='bbox 703 2587 863 2653; x_wconf 90' lang='lat' dir='ltr'>dum</span> <span class='ocrx_word' id='word_1_170' title='bbox 909 2588 1226 2654; x_wconf 88' lang='lat' dir='ltr'>memoria</span> <span class='ocrx_word' id='word_1_171' title='bbox 1269 2610 1492 2654; x_wconf 87' lang='lat' dir='ltr'>rerum</span> <span class='ocrx_word' id='word_1_172' title='bbox 1534 2587 1985 2652; x_wconf 84' lang='lat' dir='ltr'>Romanarum</span> <span class='ocrx_word' id='word_1_173' title='bbox 2027 2587 2362 2670; x_wconf 85' lang='lat' dir='ltr'>manebit3</span> <span class='ocrx_word' id='word_1_174' title='bbox 2406 2594 2477 2652; x_wconf 88' lang='lat' dir='ltr'>at</span> 
     </span>
     <span class='ocr_line' id='line_1_23' title="bbox 457 2690 2474 2777; baseline -0.001 -20"><span class='ocrx_word' id='word_1_175' title='bbox 457 2691 600 2757; x_wconf 90' lang='lat' dir='ltr'>eius</span> <span class='ocrx_word' id='word_1_176' title='bbox 621 2690 745 2755; x_wconf 91' lang='lat' dir='ltr'>filii</span> <span class='ocrx_word' id='word_1_177' title='bbox 769 2713 890 2756; x_wconf 90' lang='lat' dir='ltr'>nec</span> <span class='ocrx_word' id='word_1_178' title='bbox 914 2690 1051 2756; x_wconf 90' lang='lat' dir='ltr'>vivi</span> <span class='ocrx_word' id='word_1_179' title='bbox 1076 2691 1527 2777; x_wconf 89' lang='lat' dir='ltr'>probabantur</span> <span class='ocrx_word' id='word_1_180' title='bbox 1549 2690 1737 2756; x_wconf 89' lang='lat' dir='ltr'>bonis</span> <span class='ocrx_word' id='word_1_181' title='bbox 1761 2696 1829 2757; x_wconf 82' lang='lat' dir='ltr'>et</span> <span class='ocrx_word' id='word_1_182' title='bbox 1849 2691 2098 2756; x_wconf 87' lang='lat' dir='ltr'>mortui</span> <span class='ocrx_word' id='word_1_183' title='bbox 2121 2711 2474 2756; x_wconf 89' lang='lat' dir='ltr'>numerum</span> 
     </span>
     <span class='ocr_line' id='line_1_24' title="bbox 458 2793 2584 2880; baseline 0 -22"><span class='ocrx_word' id='word_1_184' title='bbox 458 2794 762 2879; x_wconf 89' lang='lat' dir='ltr'>opti-nent</span> <span class='ocrx_word' id='word_1_185' title='bbox 813 2793 958 2858; x_wconf 87' lang='lat' dir='ltr'>iure</span> <span class='ocrx_word' id='word_1_186' title='bbox 981 2823 988 2826; x_wconf 97' lang='lat'>·</span> <span class='ocrx_word' id='word_1_187' title='bbox 1015 2814 1370 2860; x_wconf 87' lang='lat' dir='ltr'>caesorum.</span> <span class='ocrx_word' id='word_1_188' title='bbox 1462 2794 1598 2872; x_wconf 84' lang='lat' dir='ltr'>Qui</span> <span class='ocrx_word' id='word_1_189' title='bbox 1653 2793 1861 2880; x_wconf 87' lang='lat' dir='ltr'>igitur</span> <span class='ocrx_word' id='word_1_190' title='bbox 1916 2793 2189 2880; x_wconf 88' lang='lat' dir='ltr'>adipisci</span> <span class='ocrx_word' id='word_1_191' title='bbox 2247 2815 2471 2860; x_wconf 84' lang='lat' dir='ltr'>veram</span> <span class='ocrx_word' id='word_1_192' title='bbox 2498 2803 2584 2872; x_wconf 77' lang='lat'>13</span> 
     </span>
     <span class='ocr_line' id='line_1_25' title="bbox 457 2895 2479 2984; baseline 0.001 -25"><span class='ocrx_word' id='word_1_193' title='bbox 457 2896 736 2982; x_wconf 87' lang='lat' dir='ltr'>gloriam</span> <span class='ocrx_word' id='word_1_194' title='bbox 791 2895 986 2979; x_wconf 87' lang='lat' dir='ltr'>volet,</span> <span class='ocrx_word' id='word_1_195' title='bbox 1023 2896 1314 2962; x_wconf 87' lang='lat' dir='ltr'>iustitiae</span> <span class='ocrx_word' id='word_1_196' title='bbox 1357 2896 1679 2983; x_wconf 84' lang='lat' dir='ltr'>fungatur</span> <span class='ocrx_word' id='word_1_197' title='bbox 1714 2897 1962 2963; x_wconf 89' lang='lat' dir='ltr'>officiis.</span> <span class='ocrx_word' id='word_1_198' title='bbox 2053 2895 2149 2962; x_wconf 88' lang='lat' dir='ltr'>Ea</span> <span class='ocrx_word' id='word_1_199' title='bbox 2184 2919 2351 2984; x_wconf 89' lang='lat' dir='ltr'>quae</span> <span class='ocrx_word' id='word_1_200' title='bbox 2385 2918 2479 2962; x_wconf 84' lang='lat' dir='ltr'>es·</span> 
     </span>
     <span class='ocr_line' id='line_1_26' title="bbox 391 2999 1732 3086; baseline 0.001 -24"><span class='ocrx_word' id='word_1_201' title='bbox 391 3006 622 3080; x_wconf 65' lang='lat' dir='ltr'>assent,</span> <span class='ocrx_word' id='word_1_202' title='bbox 655 2999 908 3064; x_wconf 89' lang='lat' dir='ltr'>dictum</span> <span class='ocrx_word' id='word_1_203' title='bbox 944 3007 1045 3063; x_wconf 90' lang='lat' dir='ltr'>est</span> <span class='ocrx_word' id='word_1_204' title='bbox 1080 2999 1150 3062; x_wconf 89' lang='lat' dir='ltr'>in</span> <span class='ocrx_word' id='word_1_205' title='bbox 1180 2999 1349 3065; x_wconf 92' lang='lat' dir='ltr'>libro</span> <span class='ocrx_word' id='word_1_206' title='bbox 1379 3000 1732 3086; x_wconf 87' lang='lat' dir='ltr'>superiore.</span> 
     </span>
    </p>

    <p class='ocr_par' dir='ltr' id='par_1_3' title="bbox 459 3075 2619 3493">
     <span class='ocr_line' id='line_1_27' title="bbox 545 3075 2619 3216; baseline -0 -49"><span class='ocrx_word' id='word_1_207' title='bbox 545 3101 675 3167; x_wconf 87' lang='lat' dir='ltr'>Sed</span> <span class='ocrx_word' id='word_1_208' title='bbox 711 3108 787 3166; x_wconf 91' lang='lat' dir='ltr'>ut</span> <span class='ocrx_word' id='word_1_209' title='bbox 823 3099 1164 3184; x_wconf 86' lang='lat' dir='ltr'>facillime,</span> <span class='ocrx_word' id='word_1_210' title='bbox 1195 3101 1418 3188; x_wconf 89' lang='lat' dir='ltr'>quales</span> <span class='ocrx_word' id='word_1_211' title='bbox 1462 3102 1687 3185; x_wconf 76' lang='lat' dir='ltr'>simuS,</span> <span class='ocrx_word' id='word_1_212' title='bbox 1718 3101 1882 3168; x_wconf 85' lang='lat' dir='ltr'>tales</span> <span class='ocrx_word' id='word_1_213' title='bbox 1926 3123 2064 3167; x_wconf 87' lang='lat' dir='ltr'>esse</span> <span class='ocrx_word' id='word_1_214' title='bbox 2108 3075 2619 3216; x_wconf 51' lang='lat' dir='ltr'>videamur,(41{3)</span> 
     </span>
     <span class='ocr_line' id='line_1_28' title="bbox 459 3204 2478 3290; baseline -0 -22"><span class='ocrx_word' id='word_1_215' title='bbox 459 3205 582 3268; x_wconf 85' lang='lat' dir='ltr'>etsi</span> <span class='ocrx_word' id='word_1_216' title='bbox 617 3205 686 3268; x_wconf 90' lang='lat' dir='ltr'>in</span> <span class='ocrx_word' id='word_1_217' title='bbox 725 3225 802 3271; x_wconf 90' lang='lat' dir='ltr'>eo</span> <span class='ocrx_word' id='word_1_218' title='bbox 838 3204 984 3289; x_wconf 89' lang='lat' dir='ltr'>ipso</span> <span class='ocrx_word' id='word_1_219' title='bbox 1019 3204 1124 3268; x_wconf 84' lang='lat' dir='ltr'>vis</span> <span class='ocrx_word' id='word_1_220' title='bbox 1156 3205 1447 3268; x_wconf 85' lang='lat' dir='ltr'>maxima</span> <span class='ocrx_word' id='word_1_221' title='bbox 1489 3211 1607 3287; x_wconf 91' lang='lat' dir='ltr'>est,</span> <span class='ocrx_word' id='word_1_222' title='bbox 1642 3212 1716 3269; x_wconf 91' lang='lat' dir='ltr'>ut</span> <span class='ocrx_word' id='word_1_223' title='bbox 1750 3206 1957 3270; x_wconf 85' lang='lat' dir='ltr'>simus</span> <span class='ocrx_word' id='word_1_224' title='bbox 1989 3204 2060 3286; x_wconf 89' lang='lat' dir='ltr'>ii,</span> <span class='ocrx_word' id='word_1_225' title='bbox 2098 3205 2215 3290; x_wconf 89' lang='lat' dir='ltr'>qui</span> <span class='ocrx_word' id='word_1_226' title='bbox 2251 3204 2478 3269; x_wconf 82' lang='lat' dir='ltr'>haberi</span> 
     </span>
     <span class='ocr_line' id='line_1_29' title="bbox 459 3304 2478 3394; baseline 0 -26"><span class='ocrx_word' id='word_1_227' title='bbox 459 3305 760 3387; x_wconf 80' lang='lat' dir='ltr'>velimus,</span> <span class='ocrx_word' id='word_1_228' title='bbox 793 3319 1016 3371; x_wconf 88' lang='lat' dir='ltr'>tamen</span> <span class='ocrx_word' id='word_1_229' title='bbox 1054 3307 1372 3392; x_wconf 89' lang='lat' dir='ltr'>quaedam</span> <span class='ocrx_word' id='word_1_230' title='bbox 1404 3313 1751 3394; x_wconf 88' lang='lat' dir='ltr'>praecepta</span> <span class='ocrx_word' id='word_1_231' title='bbox 1787 3306 2004 3372; x_wconf 90' lang='lat' dir='ltr'>danda</span> <span class='ocrx_word' id='word_1_232' title='bbox 2034 3312 2207 3370; x_wconf 86' lang='lat' dir='ltr'>sunt.</span> <span class='ocrx_word' id='word_1_233' title='bbox 2297 3304 2478 3369; x_wconf 87' lang='lat' dir='ltr'>Nam</span> 
     </span>
     <span class='ocr_line' id='line_1_30' title="bbox 459 3405 2478 3493; baseline -0.001 -21"><span class='ocrx_word' id='word_1_234' title='bbox 459 3407 516 3472; x_wconf 88' lang='lat' dir='ltr'>si</span> <span class='ocrx_word' id='word_1_235' title='bbox 553 3408 700 3493; x_wconf 88' lang='lat' dir='ltr'>quis</span> <span class='ocrx_word' id='word_1_236' title='bbox 735 3410 816 3473; x_wconf 89' lang='lat' dir='ltr'>ab</span> <span class='ocrx_word' id='word_1_237' title='bbox 852 3408 1128 3474; x_wconf 88' lang='lat' dir='ltr'>ineunte</span> <span class='ocrx_word' id='word_1_238' title='bbox 1170 3415 1383 3474; x_wconf 88' lang='lat' dir='ltr'>aetate</span> <span class='ocrx_word' id='word_1_239' title='bbox 1425 3408 1627 3475; x_wconf 89' lang='lat' dir='ltr'>habet</span> <span class='ocrx_word' id='word_1_240' title='bbox 1672 3429 1929 3474; x_wconf 87' lang='lat' dir='ltr'>causam</span> <span class='ocrx_word' id='word_1_241' title='bbox 1968 3405 2366 3472; x_wconf 88' lang='lat' dir='ltr'>celebritatis</span> <span class='ocrx_word' id='word_1_242' title='bbox 2408 3413 2478 3470; x_wconf 91' lang='lat' dir='ltr'>et</span> 
     </span>
    </p>

    <p class='ocr_par' dir='ltr' id='par_1_4' title="bbox 392 3507 2480 3799">
     <span class='ocr_line' id='line_1_31' title="bbox 392 3507 2480 3597; baseline -0.002 -23"><span class='ocrx_word' id='word_1_243' title='bbox 392 3533 444 3574; x_wconf 75' lang='lat' dir='ltr'>so</span> <span class='ocrx_word' id='word_1_244' title='bbox 462 3509 750 3575; x_wconf 88' lang='lat' dir='ltr'>nominis</span> <span class='ocrx_word' id='word_1_245' title='bbox 779 3519 894 3574; x_wconf 89' lang='lat' dir='ltr'>aut</span> <span class='ocrx_word' id='word_1_246' title='bbox 921 3532 961 3575; x_wconf 87' lang='lat' dir='ltr'>a</span> <span class='ocrx_word' id='word_1_247' title='bbox 988 3519 1175 3597; x_wconf 89' lang='lat' dir='ltr'>patre</span> <span class='ocrx_word' id='word_1_248' title='bbox 1203 3517 1561 3597; x_wconf 89' lang='lat' dir='ltr'>acceptam,</span> <span class='ocrx_word' id='word_1_249' title='bbox 1594 3509 1775 3596; x_wconf 89' lang='lat' dir='ltr'>quod</span> <span class='ocrx_word' id='word_1_250' title='bbox 1804 3509 1948 3586; x_wconf 90' lang='lat' dir='ltr'>tibi,</span> <span class='ocrx_word' id='word_1_251' title='bbox 1983 3507 2074 3570; x_wconf 88' lang='lat' dir='ltr'>mi</span> <span class='ocrx_word' id='word_1_252' title='bbox 2099 3507 2352 3589; x_wconf 85' lang='lat' dir='ltr'>Cicero,</span> <span class='ocrx_word' id='word_1_253' title='bbox 2384 3527 2480 3570; x_wconf 86' lang='lat' dir='ltr'>ar-</span> 
     </span>
     <span class='ocr_line' id='line_1_32' title="bbox 459 3607 2479 3698; baseline -0 -21"><span class='ocrx_word' id='word_1_254' title='bbox 459 3612 668 3678; x_wconf 90' lang='lat' dir='ltr'>bitror</span> <span class='ocrx_word' id='word_1_255' title='bbox 696 3613 1068 3698; x_wconf 87' lang='lat' dir='ltr'>contigisse,</span> <span class='ocrx_word' id='word_1_256' title='bbox 1094 3621 1208 3678; x_wconf 88' lang='lat' dir='ltr'>ant</span> <span class='ocrx_word' id='word_1_257' title='bbox 1237 3613 1457 3698; x_wconf 89' lang='lat' dir='ltr'>aliquo</span> <span class='ocrx_word' id='word_1_258' title='bbox 1488 3632 1639 3677; x_wconf 89' lang='lat' dir='ltr'>casu</span> <span class='ocrx_word' id='word_1_259' title='bbox 1666 3618 1864 3697; x_wconf 88' lang='lat' dir='ltr'>atque</span> <span class='ocrx_word' id='word_1_260' title='bbox 1891 3609 2180 3690; x_wconf 83' lang='lat' dir='ltr'>fortuna,</span> <span class='ocrx_word' id='word_1_261' title='bbox 2206 3609 2275 3672; x_wconf 90' lang='lat' dir='ltr'>in</span> <span class='ocrx_word' id='word_1_262' title='bbox 2298 3607 2479 3676; x_wconf 86' lang='lat' dir='ltr'>hunc</span> 
     </span>
     <span class='ocr_line' id='line_1_33' title="bbox 460 3710 2476 3799; baseline -0 -21"><span class='ocrx_word' id='word_1_263' title='bbox 460 3715 633 3781; x_wconf 89' lang='lat' dir='ltr'>oculi</span> <span class='ocrx_word' id='word_1_264' title='bbox 682 3715 981 3781; x_wconf 90' lang='lat' dir='ltr'>omnium</span> <span class='ocrx_word' id='word_1_265' title='bbox 1029 3715 1450 3780; x_wconf 88' lang='lat' dir='ltr'>coniciuntur</span> <span class='ocrx_word' id='word_1_266' title='bbox 1496 3719 1695 3799; x_wconf 90' lang='lat' dir='ltr'>atque</span> <span class='ocrx_word' id='word_1_267' title='bbox 1738 3713 1809 3778; x_wconf 90' lang='lat' dir='ltr'>in</span> <span class='ocrx_word' id='word_1_268' title='bbox 1862 3733 2036 3795; x_wconf 87' lang='lat' dir='ltr'>eum,</span> <span class='ocrx_word' id='word_1_269' title='bbox 2081 3710 2245 3797; x_wconf 89' lang='lat' dir='ltr'>quid</span> <span class='ocrx_word' id='word_1_270' title='bbox 2303 3721 2476 3799; x_wconf 87' lang='lat' dir='ltr'>agat,</span> 
     </span>
    </p>
   </div>
  </div>
 </body>
</html>
