2867 4334
1020 367 1163 418 Lm.
1200 365 1276 416 11.
1347 363 1509 416 cAP.
1545 367 1597 428 3,
1628 365 1677 414 4.
1746 363 1777 425 ς
1811 365 1956 416 9-14.
2414 367 2498 430 33

482 527 550 585 et
591 517 953 584 secundum
990 515 1147 581 deos
1189 514 1492 581 homines
1526 514 1907 581 hominibus
1952 535 2261 590 maxume
2303 514 2500 581 utiles

483 642 622 687 esse
657 628 954 708 possunt.
1040 617 1420 705 Earumque
1456 618 1619 684 item
1656 638 1897 702 rerum,
1924 639 2091 704 quae
2120 625 2397 683 noceant
2433 625 2502 682 et
2522 629 2593 682 12

483 723 722 806 obsint,
754 722 981 788 eadem
1027 720 1264 786 divisio
1314 727 1431 786 est.
1524 719 1654 784 Sed
1695 721 1851 806 quia
1885 720 2043 785 deos
2085 741 2321 786 nocere
2364 741 2503 786 non

485 833 740 913 putant,
756 826 842 890 iis'
862 823 1473 908 exceptishomines
1490 821 1869 901 hominibus
1892 819 2115 888 obesse
2139 823 2503 909 plurimum

443 927 905 994 sarbitrantur.
993 924 1092 991 Ea
1121 925 1298 990 enim
1330 925 1493 1011 ipsa,
1517 945 1685 1010 quae
1714 924 2007 990 inanima
2041 924 2349 1008 diximuS,
2372 925 2505 1012 ple-

452 1045 688 1116 ·raque
730 1036 886 1094 sunt
919 1026 1265 1093 hominum
1303 1026 1519 1113 operis
1562 1024 1837 1109 effecta3
1882 1047 2049 1112 quae
2086 1047 2207 1093 nec
2241 1026 2505 1093 habere-

487 1153 655 1215 mus,
675 1131 802 1196 nisi
833 1150 1068 1196 manus
1096 1136 1166 1197 et
1193 1149 1296 1194 ars
1325 1128 1712 1209 accessisset,
1733 1149 1855 1194 nec
1883 1128 1965 1193 iis
1993 1128 2135 1194 sine
2155 1128 2504 1206 hominum

489 1234 1062 1300 administratione
1111 1239 1469 1298 uteremur.
1580 1228 1824 1317 Neque
1879 1230 2059 1296 enim
2112 1229 2508 1297 valetudinis

491 1337 744 1402 curatio
779 1356 993 1423 neque
1028 1334 1365 1421 navigatio
1402 1354 1620 1420 neque
1653 1334 1795 1419 agri
1830 1332 2087 1399 cultura
2121 1354 2337 1419 neque
2371 1332 2509 1398 fru-

425 1464 477 1506 ιο
491 1461 656 1526 gum
684 1439 1159 1524 fructuumque
1195 1435 1604 1523 reliquorum
1633 1435 1968 1522 perceptio
2003 1443 2070 1501 et
2100 1429 2509 1501 conservatio

492 1542 633 1607 sine
668 1540 1016 1607 hominnm
1053 1561 1252 1627 opera
1285 1538 1423 1604 ulla
1461 1559 1599 1603 esse
1636 1539 1975 1625 potuisset.
2062 1534 2207 1602 Iam
2243 1559 2401 1604 vero
2441 1545 2509 1603 et
2528 1547 2603 1601 13

492 1665 718 1710 earum
741 1665 983 1725 rerum,
1003 1643 1245 1729 quibus
1265 1641 1767 1724 abundare'mns,
1785 1640 2155 1728 exportatio
2177 1648 2245 1706 et
2262 1661 2508 1723 earum,

494 1748 732 1834 quibus
761 1766 1126 1834 egeremus,
1144 1745 1433 1828 invectio
1464 1747 1639 1810 certe
1670 1742 1851 1809 nulla
1880 1751 2068 1825 esset,
2090 1743 2215 1810 nisi
2239 1741 2343 1809 his
2372 1764 2511 1808 mu·

493 1849 761 1914 neribus
795 1847 1100 1914 homines
1132 1846 1593 1932 fungerentur.
1682 1845 2064 1933 Eademque
2100 1846 2353 1912 ratione
2387 1867 2511 1912 nec

427 1950 746 2038 alapides
785 1972 868 2015 ex
905 1959 1080 2014 terra
1118 1948 1578 2014 exciderentur
1616 1948 1698 2013 ad
1735 1969 1928 2014 usum
1963 1956 2262 2038 nostrum
2298 1969 2513 2015 neces-

495 2053 666 2136 sarii,
699 2073 820 2118 nec
865 2050 1198 2134 “ferrum‚
1230 2071 1357 2133 aee,
1387 2071 1641 2132 aurum,
1674 2049 2074 2137 argentum’'
2112 2047 2513 2116 effoderetur

499 2155 822 2243 “penitus
879 2153 1180 2221 abditum
1198 2153 1236 2187 ''
1299 2154 1442 2218 sine
1491 2153 1835 2218 hominum
1890 2152 2111 2219 labore
2168 2162 2235 2219 et
2286 2175 2509 2218 manu,

497 2257 700 2325 Tecta
743 2279 920 2340 ver0,
952 2257 1194 2345 quibus
1237 2264 1304 2322 ct
1338 2255 1669 2342 frigorum
1704 2257 1807 2320 vis
1842 2252 2200 2341 pelleretur
2241 2263 2310 2320 et
2348 2255 2510 2322 calo·
2542 2255 2595 2324 4

498 2383 649 2426 rum
693 2360 1030 2427 molestiae
1074 2358 1477 2440 sedarentur,
1509 2357 1687 2436 unde
1730 2365 1846 2423 aut
1890 2357 2082 2422 initio
2126 2359 2353 2443 generi
2397 2359 2514 2422 hu-

429 2482 694 2530 mmano
746 2463 888 2529 dari
931 2462 1300 2549 potuissent
1349 2467 1464 2524 aut
1507 2467 1734 2546 postea
1786 2459 2144 2540 subveniri,
2180 2458 2236 2523 si
2286 2467 2400 2524 aut
2444 2460 2514 2523 vi

497 2566 909 2656 tempestatis
951 2573 1068 2631 aut
1101 2572 1313 2630 terrae
1355 2567 1546 2627 motu
1586 2568 1702 2625 aut
1738 2567 2064 2636 vetustate
2096 2556 2512 2644 cecidissent,

497 2671 625 2736 nisi
654 2669 1025 2736 communis
1054 2667 1194 2731 vita
1226 2667 1310 2731 ab
1339 2663 1722 2729 hominibus
1750 2659 1985 2727 harum
2015 2683 2236 2727 rerum
2273 2662 2517 2727 auxilia

499 2780 724 2858 petere
755 2769 1132 2836 didicisset?
1218 2766 1420 2833 Adde
1450 2766 1687 2832 ductus
1715 2786 2052 2853 aquarum,
2077 2763 2517 2831 derivationes
2536 2777 2612 2833 14

500 2872 874 2953 fluminum,
899 2892 1208 2959 agrorum
1238 2870 1688 2957 inrigationes,
1714 2866 1921 2935 moles
1950 2868 2282 2954 oppositas
2309 2867 2519 2934 flucti-

434 2993 486 3036 εις
502 2976 644 3058 bus,
663 2985 893 3062 portus
917 2995 1118 3038 manu
1139 2971 1367 3055 factae,
1385 2993 1555 3059 quae
1577 2969 1756 3036 unde
1784 2971 1925 3050 sine
1948 2968 2128 3035 homi
2137 2990 2294 3035 num
2320 2991 2521 3057 opere

503 3081 744 3146 habere
786 3078 1168 3167 possemus?
1253 3077 1358 3143 Ex
1401 3077 1643 3164 quibus
1682 3073 2044 3162 multisque
2087 3075 2233 3141 aliis
2272 3077 2521 3162 perspi-

504 3204 703 3249 cuum
751 3190 872 3265 est,
903 3181 1022 3266 qui
1055 3179 1314 3246 fructus
1357 3200 1656 3266 quaeque
1690 3177 2021 3244 'utilitates
2062 3198 2146 3241 ex
2181 3177 2397 3248 rebus,
2419 3178 2518 3258 iis,

505 3306 672 3371 quae
715 3285 850 3349 sint
891 3282 1240 3365 inanimae,
1277 3282 1743 3368 percipiantur,
1782 3301 1887 3346 eas
1930 3299 2052 3344 nos
2095 3276 2279 3341 nullo
2321 3277 2521 3342 modo

506 3387 649 3452 sine
670 3385 1016 3452 hominum
1047 3404 1248 3449 manu
1269 3393 1467 3470 atque
1498 3403 1695 3470 opera
1724 3402 1956 3468 capere
1986 3375 2295 3464 potuisse.
2385 3377 2520 3456 Qui

438 3488 798 3574 eodenique
840 3509 922 3553 ex
965 3487 1191 3553 bestiis
1233 3485 1493 3550 fructus
1542 3491 1655 3548 aut
1699 3503 1867 3569 quae
1910 3479 2357 3562 commoditas,
2395 3482 2523 3545 nisi

461 3626 470 3634 ·
508 3591 812 3660 homiues
840 3591 1248 3671 adiuvarent,
1267 3585 1520 3673 percipi
1548 3584 1810 3671 posset?
1895 3581 2075 3648 Nam
2094 3576 2174 3646 'et
2202 3581 2321 3668 qui
2348 3583 2524 3671 prin-

509 3695 688 3784 cipes
721 3689 1106 3759 inveniendi
1135 3688 1434 3771 fuerunt,
1458 3706 1657 3774 quem
1692 3707 1774 3752 ex
1809 3703 2069 3774 quaque
2106 3681 2297 3750 belua
2330 3706 2525 3752 usum
