2867 4334
978 402 1116 452 LIB.
1156 401 1228 453 11.
1302 400 1462 453 CAP.
1500 402 1551 464 6,
1585 403 1631 453 7.
1703 399 1733 461 ἓ
1771 401 1949 453 19-24.
2391 401 2477 470 87

460 552 780 641 pluribus.
870 551 1228 618 Ducuntur
1271 551 1450 617 enim
1495 558 1611 617 aut
1646 550 2094 618 benivolentia
2136 557 2205 616 et
2240 551 2477 617 benefi-

461 657 714 722 ciorum
749 655 1208 742 magnitudine
1248 661 1364 719 aut
1398 654 1743 742 dignitatis
1779 654 2177 742 praestantia
2213 662 2328 719 aut
2362 676 2479 741 spe

461 759 587 825 sibi
621 755 692 823 id
721 755 888 824 utile
923 756 1229 823 futurum
1265 763 1382 822 aut
1416 764 1621 841 metu,
1647 778 1731 823 ne
1768 757 1836 821 vi
1872 779 2102 844 parere
2136 764 2476 844 cogantur,

461 870 576 925 aut
610 881 728 947 spe
760 858 1128 947 largitionis
1161 859 1631 947 promissisque
1665 860 1840 947 capti
1876 865 1991 924 aut
2027 866 2378 946 postremo,
2402 869 2481 925 ut

417 984 653 1049 ssaepe
688 963 759 1027 in
792 970 1016 1028 nostra
1049 984 1121 1027 re
1154 961 1422 1048 publica
1456 962 1778 1046 videmus,
1809 962 2111 1028 mercede
2146 962 2477 1028 conducti.

464 1065 783 1130 Omnium
815 1072 1038 1130 autem
1060 1084 1280 1129 rerum
1309 1084 1433 1129 nec
1463 1064 1681 1151 aptius
1710 1071 1810 1129 est
1832 1064 2183 1150 quicquam
2214 1065 2296 1129 ad
2322 1085 2481 1151 opes
2499 1033 2573 1178 2⁷3

437 1167 742 1236 ‚tuendas
776 1187 853 1233 ac
887 1165 1204 1232 tenendas
1237 1171 1441 1252 quam
1470 1164 1663 1251 diligi
1699 1186 1822 1232 nec
1858 1165 2135 1232 alienius
2168 1187 2371 1252 quam
2405 1166 2483 1232 ti-

467 1270 652 1336 meri.
741 1267 1083 1335 Praeclare
1111 1268 1290 1334 enim
1322 1267 1619 1334 Ennius:

501 1432 683 1502 Quem
713 1435 988 1504 metuunt,
1009 1433 1281 1502 oderunt3
1319 1449 1489 1503 quem
1516 1430 1754 1502 quisque
1782 1431 1925 1502 odit,
1943 1430 2175 1504 periisse
2203 1432 2437 1505 expetit.
2481 1411 2488 1419 ’

403 1597 453 1638 10
468 1580 840 1648 Multorum
881 1593 1106 1648 autem
1150 1580 1321 1648 odiis
1362 1580 1579 1646 nullas
1624 1601 1782 1668 opes
1826 1601 2015 1668 posse
2058 1580 2392 1664 obsistere,
2428 1581 2486 1646 si

469 1693 664 1750 antea
712 1684 849 1751 fuit
890 1685 1218 1771 ignotum,
1254 1704 1473 1770 nuper
1514 1689 1615 1750 est
1666 1683 2029 1770 cognitum.
2130 1681 2279 1750 Nec
2328 1705 2487 1750 vero

471 1782 667 1850 huius
701 1786 968 1871 tyranni
1004 1783 1238 1867 solum,
1270 1804 1470 1870 quem
1510 1781 1711 1849 armis
1744 1804 2052 1869 oppressa
2083 1782 2360 1870 pertulit
2400 1784 2486 1850 ci·

470 1888 642 1954 vitas
669 1895 988 1977 paretque
1015 1891 1170 1952 cum
1201 1906 1510 1951 maxume
1541 1892 1822 1967 mortim,
1842 1885 2152 1951 interitus
2179 1885 2485 1969 declarat,

473 1997 798 2076 quantum
843 1989 1073 2054 odium
1116 1987 1465 2053 hominum
1509 1987 1725 2053 valeat
1768 1987 1851 2052 ad
1886 1997 2159 2075 pestem,
2190 1989 2304 2053 sed
2346 1987 2490 2054 reli-

405 2121 458 2164 15
474 2098 764 2180 quorum
794 2091 1042 2157 similes
1075 2091 1292 2156 exitus
1326 2099 1782 2178 tyrannorum,
1813 2111 2098 2176 quorum
2132 2089 2310 2155 haud
2344 2090 2488 2156 fere

473 2194 820 2280 quisquam
853 2193 1048 2258 talem
1079 2192 1422 2259 interitum
1455 2191 1732 2278 effugit3
1778 2190 1987 2256 malus
2016 2192 2193 2258 enim
2225 2199 2323 2258 est
2352 2214 2491 2258 cus-

475 2305 577 2362 tos
619 2295 1075 2362 diuturnitatis
1117 2302 1332 2360 metus
1383 2304 1743 2381 contraque
1785 2292 2233 2359 benivolentia
2273 2293 2490 2360 fidelis

475 2396 584 2464 vel
617 2398 700 2464 ad
732 2398 1262 2486 perpetuitatem.
1365 2396 1497 2463 Sed
1527 2396 1630 2478 iis,
1655 2395 1773 2482 qui
1811 2394 1877 2458 vi
1914 2403 2254 2481 oppressos
2288 2395 2489 2481 impe·
2509 2409 2584 2464 24

475 2502 574 2568 rio
610 2508 927 2582 coercent,
960 2501 1046 2566 sit
1081 2521 1236 2566 sane
1278 2497 1655 2564 adhibenda
1689 2497 1979 2578 saevitia,
2013 2504 2087 2562 ut
2122 2497 2249 2562 eris
2293 2497 2363 2561 in
2397 2496 2492 2562 fa-

407 2603 706 2690 comuloS,
739 2604 793 2669 si
830 2602 1021 2668 aliter
1045 2601 1268 2668 ‘teneri
1303 2621 1438 2667 non
1477 2608 1790 2687 possunt3
1835 2599 1952 2686 qui
1990 2619 2144 2664 vero
2178 2598 2251 2663 iu
2287 2597 2492 2664 libera

475 2707 747 2772 civitate
779 2706 875 2770 ita
913 2726 983 2771 se
1018 2705 1377 2788 instruunt,
1408 2710 1488 2769 ut
1520 2708 1921 2785 metuantur,
1950 2701 2032 2767 iis
2070 2700 2237 2767 nihil
2274 2708 2494 2788 potest

475 2830 616 2874 esse
657 2807 1048 2873 dementius
1157 2806 1479 2884 Quamvis
1531 2806 1712 2872 enim
1754 2806 1888 2871 sint
1932 2806 2264 2872 demersae
2313 2805 2494 2892 leges

477 2908 752 2976 alicuius
796 2909 1050 2996 opibu8‚
1088 2908 1389 2995 quamvis
1431 2908 1777 2975 timefacta
1817 2908 2105 2991 libertas,
2141 2917 2493 2995 emergunt

477 3021 696 3079 tamen
743 3010 904 3078 haec
946 3010 1299 3098 aliquando
1342 3019 1458 3076 aut
1501 3010 1760 3078 iudiciis
1803 3011 2018 3078 tacitis
2060 3019 2177 3077 aut
2220 3011 2493 3079 occultis

409 3115 561 3182 aude
595 3115 843 3202 honore
879 3113 1227 3201 suffragiis.
1316 3114 1629 3180 Acriores
1663 3123 1887 3180 autem
1922 3135 2175 3180 morsus
2210 3122 2366 3181 sunt
2400 3115 2495 3179 in·

478 3219 812 3284 termissae
856 3217 1180 3282 libertatis
1213 3237 1412 3302 quam
1451 3223 1762 3282 retentae.
1852 3216 2049 3295 Quod
2084 3216 2291 3302 igitur
2323 3216 2495 3282 latis-

480 3339 664 3384 sume
709 3326 892 3405 patet
924 3339 1140 3404 neque
1182 3318 1262 3384 ad
1300 3318 1827 3385 incolumitatem
1870 3317 2105 3398 solum,
2136 3316 2253 3380 sed
2296 3317 2497 3382 etiam

478 3420 563 3485 ad
593 3441 750 3505 opes
784 3428 851 3486 et
881 3421 1246 3508 potentiam
1277 3419 1454 3487 valet
1485 3420 1875 3507 plurimum,
1898 3419 1966 3483 id
2000 3416 2497 3504 amplectamur,

480 3530 557 3587 ut
596 3529 812 3587 metus
855 3523 1042 3607 absit,
1073 3524 1304 3589 caritas
1347 3523 1731 3587 retineatur.
1821 3517 1928 3584 Ita
1963 3517 2298 3601 facillime,
2330 3540 2497 3605 quae

409 3646 464 3687 ao
481 3623 796 3706 volemus,
821 3633 890 3690 et
918 3623 1196 3712 privatis
1219 3626 1290 3690 in
1320 3623 1517 3688 rebus
1546 3629 1613 3687 et
1642 3621 1713 3685 iu
1748 3641 1821 3686 re
1849 3619 2115 3707 publica
2149 3640 2498 3708 conseque·

481 3749 650 3794 mur.
738 3725 1005 3794 Etenim
1032 3727 1148 3815 qui
1177 3748 1247 3794 se
1269 3724 1481 3792 metui
1503 3722 1751 3807 volent,
1771 3746 1810 3789 a
1832 3723 2071 3810 quibus
2094 3728 2492 3809 metuentur‚
