2867 4334
949 397 1088 447 LIB.
1122 397 1227 449 111.
1285 395 1442 447 GAP.
1474 397 1525 460 3,
1555 397 1604 448 4.
1676 395 1706 458 ὅ
1742 399 1921 447 15-20.
2324 397 2451 460 129

441 545 703 630 dixerit,
743 545 1007 612 “solere
1029 545 1070 580 ”
1106 545 1326 628 modo,
1372 567 1508 612 non
1553 547 1753 613 etiam
1790 546 2213 633 “oportere’'
2300 545 2453 612 Ete-

441 649 581 713 nim
613 670 747 715 non
778 647 977 714 modo
999 648 1208 735 pluris
1230 655 1486 736 putare,
1508 650 1684 736 quod
1716 649 1881 716 utile
1901 650 2226 734 videatur,
2251 671 2450 737 quam

442 751 619 837 quod
647 751 996 818 honestum
1028 751 1134 834 sit,
1165 752 1278 817 sed
1315 751 1515 816 etiam
1561 751 1721 818 haec
1753 751 1930 818 inter
1966 775 2036 818 se
2069 774 2451 841 comparare

442 862 509 919 et
537 853 606 917 in
639 853 742 919 his
776 853 1166 920 addubitare
1197 854 1652 939 turpissimum
1685 862 1800 920 est.

399 981 428 1020 5
529 955 708 1032 Quid
766 977 924 1042 ergo
975 963 1094 1038 est,
1149 955 1328 1041 quod
1374 977 1509 1020 non
1558 977 1916 1044 numquam
1966 958 2449 1025 dubitationem

442 1057 702 1124 adferre
735 1058 941 1125 soleat
975 1058 1654 1145 considerandumque
1687 1059 2034 1125 videatur‘l
2122 1060 2357 1142 Crede,
2394 1061 2450 1126 si

442 1160 706 1246 quando
735 1160 1062 1227 dubitatio
1089 1160 1346 1243 accidit,
1371 1160 1568 1247 quale
1595 1161 1682 1226 sit
1710 1161 1802 1244 id,
1826 1161 1910 1227 de
1933 1182 2066 1248 quo
2089 1163 2453 1238 considere·

445 1272 580 1329 tur..
663 1263 874 1351 Saepe
913 1265 1092 1329 enim
1130 1271 1431 1350 tempore
1463 1261 1564 1346 fit,
1596 1271 1691 1346 ut,
1722 1264 1903 1350 quod
1938 1259 2133 1351 turpe
2170 1263 2453 1350 plerum·
2474 1275 2547 1328 19

445 1386 578 1450 que
605 1363 831 1431 haberi
865 1364 1089 1446 soleat,
1125 1365 1506 1430 inveniatur
1539 1386 1673 1430 non
1711 1387 1850 1444 esse
1885 1373 2117 1452 turpe3
2164 1365 2452 1452 exempli

379 1491 431 1532 ιο
447 1487 638 1532 causa
666 1474 950 1554 ponatur
976 1466 1246 1553 aliquid,
1283 1468 1461 1553 quod
1492 1475 1712 1554 pateat
1740 1467 1970 1532 latius:
2010 1467 2205 1545 Quod
2236 1475 2454 1554 potest

448 1569 657 1634 maius
686 1590 826 1635 esse
859 1568 1070 1634 scelus
1097 1590 1298 1654 quam
1329 1590 1461 1635 non
1494 1569 1694 1635 modo
1725 1568 2082 1652 hominem,
2106 1568 2222 1636 sed
2250 1570 2451 1634 etiam

445 1669 841 1736 familiarem
871 1671 1208 1737 hominem
1241 1671 1586 1738 occidere?
1671 1670 1859 1736 Num
1890 1672 2098 1758 igitur
2127 1693 2198 1738 se
2226 1669 2455 1736 astrin-
2494 1727 2499 1731 .

445 1772 546 1838 xit
589 1773 850 1857 scelere,
886 1774 942 1839 si
985 1773 1102 1860 qui
1147 1781 1503 1859 tyrannum
1535 1763 1792 1840 ⁸occidit
1834 1773 2137 1862 quamvis
2178 1772 2457 1839 familia·

447 1876 630 1942 remi
715 1875 980 1964 Populo
1027 1876 1300 1962 quidem
1349 1876 1655 1942 Romano
1701 1898 1835 1943 non
1884 1877 2167 1960 videtur,
2204 1877 2321 1963 qui
2372 1897 2457 1942 ex

380 1999 433 2041 ιε
448 1978 756 2045 omnibus
783 1978 1133 2066 praeclaris
1144 1979 1348 2045 factis
1369 1975 1534 2045 illud
1559 1979 2078 2067 pulcherrimum
2101 1980 2452 2046 existimat.

448 2081 637 2148 Vicit
665 2102 825 2168 ergo
857 2081 1109 2149 utilitas
1143 2081 1600 2149 honestatem?
1686 2081 1906 2149 Immo
1949 2105 2109 2150 vero
2154 2082 2457 2150 honestas

449 2183 805 2249 utilitatem
829 2204 848 2265 3
877 2181 1268 2250 honestatem
1295 2184 1563 2252 utilitas
1588 2193 1811 2251 secuta
1845 2193 1962 2252 est.

537 2283 792 2372 Itaque,
823 2293 900 2350 ut
949 2285 1094 2352 sine
1144 2285 1282 2352 ullo
1333 2307 1553 2352 errore
1603 2287 1964 2354 diiudicare
2008 2287 2354 2374 possimus,
2402 2288 2457 2352 si

450 2387 716 2477 quando
745 2409 897 2454 cum
929 2388 1065 2472 illo,
1090 2390 1270 2476 quod
1292 2389 1642 2456 honestum
1668 2388 2136 2487 intellegimus,
2161 2411 2459 2476 pugnare

383 2491 520 2557 aoid
551 2490 907 2574 videbitur,
938 2491 1118 2578 quod
1153 2490 1562 2578 appellamus
1596 2490 1782 2574 utile,
1813 2490 2113 2568 formula,
2136 2490 2455 2576 quaedam

451 2592 910 2659 constituenda
945 2600 1082 2676 est3
1127 2615 1325 2680 quam
1371 2594 1427 2659 si
1470 2614 1823 2681 sequemur
1858 2593 1929 2658 in
1974 2591 2461 2679 comparatione

453 2717 694 2778 rerum,
741 2696 824 2762 ab
873 2695 1088 2762 officio
1137 2717 1505 2782 numquam
1560 2695 1957 2762 recedemus.
2043 2693 2201 2778 Erit
2238 2701 2457 2760 autem
2479 2711 2555 2763 20
2596 2734 2606 2746 ι

451 2796 614 2864 haec
641 2797 928 2864 formula
958 2798 1329 2865 Stoicorum
1360 2798 1601 2865 rationi
1632 2798 2145 2886 disciplinaeque
2174 2797 2461 2863 maxime

452 2906 926 2984 consentanea3
969 2921 1169 2988 quam
1206 2899 1477 2988 quidem
1514 2900 1617 2967 his
1651 2900 1837 2968 libris
1871 2910 2219 2989 propterea
2253 2901 2466 2988 sequi-
2563 2940 2571 2947 „

385 3022 624 3086 sumar,
676 3002 874 3090 quod,
923 2999 1338 3090 quamquam·
1365 3011 1435 3069 et
1476 3025 1515 3068 a
1558 3005 1891 3071 veteribus
1933 3003 2351 3073 Academicis
2392 3010 2462 3068 et

453 3128 492 3171 a
536 3105 996 3193 Peripateticis
1038 3105 1292 3189 vestris,
1335 3097 1455 3192 hui
1506 3107 1841 3192 quondam
1883 3107 2063 3172 idem
2084 3179 2089 3185 ‚
2107 3115 2314 3188 erant,
2344 3105 2463 3191 qui

452 3208 858 3292 Academici,
895 3229 1064 3296 quae
1107 3207 1380 3274 honesta
1413 3217 1590 3291 sunt,
1626 3216 2123 3297 anteponuntur
2156 3207 2257 3288 iis,
2293 3226 2463 3291 qnae

456 3311 768 3376 videntur
797 3311 1006 3393 utilia,
1032 3318 1252 3377 tamen
1283 3309 1696 3398 splendidius
1718 3310 1876 3376 haec
1904 3310 1987 3376 ab
2017 3310 2111 3375 eis
2140 3307 2465 3372 disserun-

453 3420 584 3494 tur,
616 3413 874 3499 quibua,
905 3413 1222 3500 quicquid
1251 3413 1599 3478 honestum
1634 3420 1753 3496 est,
1783 3412 1963 3477 idem
1998 3410 2164 3475 utile
2198 3408 2465 3473 videtur

387 3534 577 3579 wnec
608 3513 771 3579 utile
804 3515 1178 3603 quicquam,
1208 3515 1387 3599 quod
1424 3535 1559 3580 non
1597 3513 1969 3595 honestum,
2005 3531 2203 3598 quam
2249 3509 2332 3575 ab
2361 3509 2461 3590 iia,

454 3616 694 3701 quibus
736 3624 852 3681 aut
895 3615 1245 3682 honestum
1291 3614 1545 3701 aliquid
1589 3636 1719 3680 non
1768 3613 1933 3678 utile
1968 3620 2085 3678 aut
2128 3610 2293 3676 utile
2328 3631 2461 3676 non

453 3713 828 3784 honestum.
915 3716 1132 3784 Nobis
1179 3724 1402 3782 autem
1462 3725 1681 3784 nostra
1730 3714 2095 3782 Academia
2150 3733 2458 3800 magnam

1425 3819 1510 3883 63(-
